1690 3230
362 86 579 124 ‘rmpuzx
613 80 894 122 EXPoslTIO.
933 68 1052 133 Cap.
1100 67 1204 128 ΙΙΙ.
1496 73 1558 126 61

129 167 315 210 venerat
334 167 513 226 tempus
537 157 769 210 revelandi
803 155 1048 209 claritatem
1069 160 1300 219 veritati33
1342 159 1566 214 habemus

68 256 89 290 s
115 238 329 289 fiduciam
351 240 524 307 absque
548 239 775 288 velamine
800 236 1034 301 loquendi.

6 356 27 374 .ss
75 313 219 379 Quod
238 324 499 364 evacuatur.
521 312 706 382 Aliqui,
731 314 856 374 juxta
877 309 929 370 fi.
957 331 1005 379 7,
1033 313 1152 365 hanc
1177 323 1348 380 partem
1370 315 1572 368 referunt

73 388 261 454 gloriam
294 389 424 449 faciei
462 386 660 456 Moysis,
688 387 939 453 voluntque
967 389 1209 453 significari
1236 411 1247 440 ε
1275 406 1376 455 quae
1415 399 1570 443 tamen

58 466 224 516 osaicae
243 464 370 517 faciei
391 464 530 530 gloria
557 467 647 513 cito
677 461 760 512 fuit
781 463 973 526 abolita,
1005 467 1247 515 exstincta.

72 539 192 603 Alii,
216 544 336 602 inter
355 559 469 606 quos
490 539 637 590 Divus
657 537 884 599 Th‹›ma3‚
909 541 966 590 ad
984 541 1193 592 velamen
1217 541 1432 593 referunt.

72 615 295 671 Velamen
320 617 438 668 istud
458 626 552 667 erat
570 618 818 668 obscuritas
835 619 1093 684 figurarum,
1117 638 1214 688 quae
1231 637 1314 686 per
1335 617 1566 673 Christum

68 703 222 747 acuata
245 704 311 746 est
331 716 342 745 :
361 693 424 747 D.
440 693 666 746 Thomas,

76 770 267 824 Graecus
299 781 449 824 textus
474 772 722 822 hodiernus
742 770 907 821 habet:
928 779 974 822 ut
999 790 1092 822 non
1115 771 1402 824 intenderent
1428 775 1473 822 in
1501 773 1570 823 fi-

41 839 117 900 em
137 849 307 900 aboliti.
328 846 438 914 Syr.
474 850 522 897 in
541 847 684 898 finem
713 848 808 909 eius
832 846 955 911 quod
981 846 1202 898 aboletur.
1228 845 1375 897 Arab.
1395 848 1569 906 finem:

5 928 54 982 et
70 931 133 983 ita
163 924 234 980 D.
259 925 612 994 Chrysostomus
632 962 646 987 ‚
671 923 1073 993 Theopliylactus‚
1099 926 1424 978 Theodoretus
1449 965 1462 989 ‚
1496 931 1572 995 qui

21 1016 212 1075 egerunt
238 1008 378 1057 finem
399 1042 413 1067 ‚
439 1022 534 1054 non
558 1003 738 1053 faciem.

47 1143 51 1146 ,
74 1082 219 1135 Juxta
240 1101 353 1152 quos
377 1079 534 1133 Patres
555 1082 764 1133 velamen
789 1098 923 1146 super
945 1080 1109 1133 faciem
1130 1079 1287 1150 Moysi
1312 1082 1402 1133 duo
1438 1101 1572 1151 mys-

7 1161 94 1212 tice
114 1160 408 1226 significabat.
462 1172 465 1174 ’

76 1234 285 1287 Primum
305 1274 319 1299 ‚
349 1235 472 1304 quod
491 1232 642 1285 Judaei
670 1251 764 1283 non
791 1240 918 1284 erant
946 1234 1085 1283 visuri
1122 1232 1272 1298 legem
1310 1251 1413 1284 esse
1447 1237 1571 1287 anti-

8 1314 234 1382 quandam
253 1353 268 1379 ,
289 1331 369 1365 seu
393 1313 647 1364 habituram
667 1311 824 1362 finem.

46 1394 49 1396 ’
76 1388 340 1443 Secundum
354 1429 367 1455 ‚
387 1389 513 1456 quod
530 1407 624 1439 non
645 1396 769 1439 erant
791 1389 927 1438 visuri
944 1387 1093 1453 legem
1116 1406 1197 1454 per
1224 1385 1456 1439 Christum
1474 1406 1577 1439 esse·

9 1473 368 1539 antiquandam:
405 1474 503 1537 ipse
535 1473 657 1521 enim
681 1470 788 1519 finis
829 1469 959 1534 legis,
1004 1473 1051 1519 in
1103 1473 1292 1520 veritate
1325 1471 1572 1536 complevit

11 1547 137 1616 quod
160 1544 354 1614 Moyses
374 1549 420 1597 in
447 1546 587 1612 figura
608 1545 807 1596 tradidit.

0 1635 1 1664 l
31 1629 40 1644 ⁸
80 1621 309 1675 Neutrum
331 1623 571 1686 viderunt,
596 1626 689 1673 imo
713 1640 798 1672 nec
822 1622 961 1672 hodie
984 1622 1143 1672 vident
1164 1621 1364 1690 plerique
1386 1621 1571 1682 Judaei;

13 1710 62 1754 et
85 1700 179 1750 hoc
215 1702 405 1767 mystice
446 1700 728 1765 significabat
751 1699 961 1752 velamen
1005 1715 1139 1763 super
1170 1698 1330 1749 faciem
1369 1695 1572 1766 Moysi,

15 1780 143 1844 juxta
158 1777 326 1829 [Patres
340 1796 527 1844 graecos

83 1849 230 1905 Juxta
256 1862 456 1904 nostram
471 1851 707 1919 Vulgatam
727 1870 829 1920 quae
849 1853 968 1919 legit,
992 1853 1040 1902 in
1059 1850 1269 1918 faciem,
1289 1853 1371 1903 τὶν
1387 1852 1575 1920 πρόσω-

0 1941 120 1986 [mr.
142 1930 264 1980 idem
287 1947 448 1980 sensus
469 1937 536 1980 est
557 1947 607 1979 ac
627 1933 676 1979 in
698 1929 764 1994 fi.
785 1951 830 1996 7,
853 1930 1024 1980 scilicet
1042 1965 1057 1992 ‚
1085 1915 1278 1997 Moyses
1299 1932 1578 1985 velabatffa-

0 1985 134 2064 {ciem
151 2026 278 2080 suam
305 2003 480 2061 Judaeis
503 2006 748 2073 locuturus,
779 2005 919 2061 ne'illi
946 2011 1050 2060 fixis
1071 2012 1208 2062 oculis
1230 2016 1508 2067 intuerentur
1529 2019 1578 2070 in

14 2084 268 2139 radiantem
291 2087 389 2149 ejus
409 2086 588 2138 faciem.

90 2166 234 2232 Quod
250 2175 513 2229 evacuatur,
536 2167 585 2216 id
606 2175 702 2232 est,
725 2184 824 2233 quae
846 2174 999 2216 tamen
1026 2164 1243 2218 Mosaicae
1279 2168 1407 2221 faciei
1433 2170 1579 2236 gloria

18 2242 112 2292 cito
139 2241 362 2301 abolenda
385 2249 498 2292 erat.

0 2320 3 2345 ²
87 2318 158 2385 JV.
186 2320 265 2386 ¹4:
296 2316 394 2369 Sed
422 2314 577 2369 obtusi
597 2328 771 2370 suna...
812 2316 899 2370 Gr.
929 2320 1242 2373 obduruerunt
1282 2326 1580 2389 cogitationes

18 2413 192 2448 eorum.
213 2394 316 2464 Syr.
338 2398 555 2448 obcaecati
575 2406 680 2447 sunt
705 2397 936 2451 mentibus
956 2399 1066 2448 suis.

89 2472 179 2525 His
189 2475 396 2527 versibus
413 2472 477 2528 D.
489 2473 656 2526 Paulus
677 2475 914 2541 allegorice
938 2475 1131 2542 explicat
1146 2477 1358 2529 velamen
1382 2478 1578 2548 Moysis.

0 2577 2 2600 ι
87 2549 198 2603 Hoc
225 2553 458 2613 velamen,
487 2554 612 2619 quod
629 2553 685 2603 ad
707 2555 891 2620 figuram
917 2563 1011 2604 erat
1032 2558 1077 2604 in
1096 2554 1210 2606 facie
1233 2554 1433 2625 Moysis,
1465 2576 1577 2608 ma·-

0 2635 97 2682 net
115 2629 262 2680 adhuc
284 2639 328 2681 et
347 2630 510 2682 sedet
498 2649 545 2681 m
573 2631 710 2682 corde
739 2630 1010 2683 Judaeorum
1034 2632 1120 2682 ad
1108 2639 1425 2699 ignorantiam.

0 2693 14 2766 l
91 2714 282 2782 Usque
261 2734 308 2765 m
331 2713 649 2766 hodiernum...
671 2713 778 2783 Syr.
795 2717 1020 2783 siquidem
1047 2734 1189 2783 usque
1222 2717 1279 2767 ad
1305 2718 1579 2771 hodiernum

0 2785 161 2856 diem,
178 2797 282 2865 cum
304 2801 434 2843 vetus
450 2790 798 2844 Testamentum
821 2794 999 2860 legitur,
1018 2795 1140 2846 idern
1156 2795 1259 2845 illud
1278 2795 1485 2846 velamen
1501 2815 1583 2863 pe

17 2877 121 2928 ritat
132 2889 281 2939 super
297 2891 402 2940 eos,
419 2892 506 2927 nec
524 2874 766 2941 revelatur,
782 2879 884 2944 quia
909 2895 989 2944 per
1004 2874 1235 2930 Christum
1253 2877 1597 2930 oblitteramnt.

0 2929 3 3028 l
