1754 3210
108 60 176 113 80
419 79 669 118 securum
705 82 965 123 msa-omn
994 88 1063 124 An
1089 86 1403 134 communes

108 150 394 199 cumbimus:
415 155 566 203 omnis
589 163 746 205 nostra
773 159 1038 228 praedicatio
1059 162 1117 212 ad
1140 181 1245 216 eum
1267 167 1475 237 refertur,
1503 183 1555 226 ut
1586 171 1694 228 Do-

115 229 292 277 minum
316 238 543 282 nostrum.

175 305 234 353 N
231 323 282 353 os
294 316 449 357 orclem
478 328 626 360 servos·
650 321 826 363 vestros
840 315 987 381 palem
1010 320 1291 385 profitemur,
1311 323 1689 393 propter‘Jesum

107 391 314 434 nostrum
347 395 390 435 et
414 396 617 439 vestrum
640 387 911 444 Dominum.
1440 391 1445 401 ¹
1597 419 1602 424 “

175 461 522 531 Nosmetipsos‚
550 478 598 519 ut
632 488 792 522 servos
817 483 938 526 totos
965 479 1277 543 impendimus
1312 484 1488 537 utilitati
1521 495 1692 540 vestrae

107 559 160 590 ac
181 542 308 592 saluti
328 580 341 603 ‚
359 565 444 607 pet·
458 546 641 611 Jesum,
670 558 714 599 et
733 560 917 617 propter
941 552 1105 607 Jesum
1120 596 1132 617 ,
1154 562 1180 607 ὲ
1201 577 1292 625 quo
1310 559 1697 630 hoc-apostolatus

106 621 410 674 ministerium
429 629 686 693 accepimus
712 628 769 677 ad
792 639 998 681 vestram
1020 634 1230 687 salutem.

591 780 915 818 OBSERVATIO
943 784 1094 820 MORA
1103 787 1199 823 Lls.

175 895 231 947 In
252 897 325 950 his
355 919 537 969 quoque
556 905 711 954 verbis
753 907 1181 975 pseudoapostolos>
1203 930 1339 964 cerne
1357 951 1372 977 ,
1401 933 1452 967 se
1470 955 1485 980 ‚
1521 934 1696 988 suaque

108 978 381 1046 quaerentes
395 983 441 1052 in
467 983 813 1046 praedicatione,
836 1002 1050 1052 noniquae
1068 985 1182 1038 Jesu
1198 987 1393 1042 Christi:
1412 1002 1464 1044 et
1480 995 1692 1048 fidelibus

104 1054 331 1107 dominari
354 1057 583 1119 volentes,
611 1077 708 1108 non
730 1065 928 1113 servire.

174 1139 237 1193 Et
263 1142 365 1194 haec
390 1144 483 1195 duo
509 1156 668 1197 caveat
690 1167 826 1199 verus
851 1147 1021 1211 Christi
1044 1157 1276 1206 minister.

176 1218 354 1276 Christi
381 1225 572 1279 Domini
605 1233 812 1281 minister
833 1250 909 1294 es,
940 1232 1147 1299 Domino
1171 1245 1250 1287 tuo
1275 1239 1338 1287 sis
1356 1255 1466 1304 ergo
1499 1241 1648 1293 fidelis
1673 1259 1688 1303 ς

104 1307 201 1369 ejus
223 1306 409 1370 gloriam
436 1325 585 1372 quaere
605 1346 619 1370 ‚
647 1328 741 1362 non
765 1318 890 1360 tuam
911 1332 922 1368 ;
953 1312 1061 1363 alias
1085 1313 1156 1365 sur
1177 1319 1268 1366 eris
1287 1325 1332 1367 et
1353 1316 1490 1372 latro.

172 1389 400 1444 Fidelium
439 1397 647 1445 minister
681 1413 729 1445 es
768 1405 959 1463 propter
995 1396 1188 1460 Jesum3
1228 1402 1313 1453 illis
1351 1420 1463 1468 ergo
1501 1413 1694 1473 propter
1749 1422 1751 1425 ’

102 1466 269 1520 Jesum
307 1473 543 1534 ministra,
577 1491 681 1522 cum
718 1472 938 1526 charitate
974 1485 1020 1527 et
1055 1477 1181 1540 ze10,
1217 1496 1325 1529 cum
1359 1478 1616 1533 humilitate
1643 1489 1692 1534 et

108 1549 480 1600 mansuetudine.
764 1563 766 1566 ’

173 1635 256 1688 Ab
276 1641 402 1688 omni
420 1646 575 1689 autem
599 1639 925 1691 dominationis
944 1644 1099 1707 specie
1118 1661 1255 1704 cave3
1278 1645 1387 1694 atius
1403 1643 1542 1694 herus
1563 1646 1654 1695 eris
1673 1681 1688 1707 ‚
1751 1696 1754 1697 s

106 1732 204 1766 non
227 1718 438 1765 minister
463 1725 507 1766 et
530 1734 717 1778 servus,
745 1726 900 1768 contra
927 1717 1118 1770 Domini
1143 1723 1207 1770 tui
1229 1721 1535 1772 voluntatem.
1719 1726 1722 1729 ’

173 1799 342 1869 Sicque
375 1821 524 1852 rursus
549 1803 618 1854 fur
644 1812 688 1853 et
713 1804 854 1862 latr03
885 1805 996 1855 latro
1033 1806 1190 1871 gloriae
1209 1838 1226 1866 ‹
1250 1806 1363 1857 latro
1389 1815 1435 1857 et
1461 1806 1695 1861 domina-
1716 1826 1730 1831 ·

103 1882 267 1939 tionis,
299 1881 420 1946 quod
442 1888 687 1945 utrumque
713 1878 885 1931 Christi
919 1890 1015 1944 est,
1043 1899 1141 1932 non
1167 1881 1250 1933 tui.

175 1956 308 2008 Heu!
333 1967 444 2025 quot
466 1961 513 2007 in
538 1955 746 2009 Ecclesia
776 1959 928 2010 sures!

172 2029 230 2087 Ῠ.
254 2033 301 2085 6.
328 2035 570 2100 Quoniam
599 2038 722 2086 Deus
741 2074 754 2100 ,
782 2041 863 2103 qui
886 2039 1065 2088 climil...

171 2112 268 2163 Dat
300 2118 523 2165 rationem
558 2117 630 2165 ob*
662 2133 797 2181 quarn
834 2133 884 2165 se
917 2123 1039 2164 totos
1084 2110 1276 2169 Domini.
1312 2111 1617 2180 Jesurgtoriae
1643 2112 1692 2182 et

97 2189 420 2258 'proximorum
447 2190 608 2252 saluti,
639 2209 720 2257 per
743 2191 1119 2256 praedicationem
1161 2190 1467 2255 impendant.⁴
1496 2222 1498 2225 -

179 2268 419 2332 Quoniam
448 2269 572 2318 idem
611 2270 736 2318 Deus
763 2272 846 2334 qui
862 2308 876 2332 .,
907 2271 1038 2319 initio
1063 2268 1251 2327 mundi,
1295 2271 1424 2331 jussit
1446 2273 1473 2318 ὲ
1495 2267 1694 2319 tenebris

107 2347 214 2396 oriri
237 2346 384 2396 lucem
405 2385 418 2409 ‚
446 2365 545 2413 quae
570 2347 793 2397 mundum
822 2347 1094 2397 illuminaret
1120 2367 1131 2398 ι
1156 2347 1272 2396 flat
1292 2349 1395 2397 lua..
1422 2343 1548 2397 Gen.
1579 2365 1624 2397 1.

181 2425 345 2490 Idem,
368 2428 555 2491 inquam
576 2463 589 2488 ,
626 2422 756 2474 Deus
782 2426 942 2474 illuxit
977 2428 1025 2475 in
1065 2425 1301 2475 mentibus
1325 2426 1496 2473 nostris
1515 2458 1529 2484 ‚
1570 2425 1693 2488 prius
1719 2459 1725 2467 .

110 2505 396 2562 tenebrosi53
431 2504 477 2554 id
505 2513 603 2562 est,
643 2504 781 2554 nobis
809 2501 1047 2569 Apostolis
1074 2506 1166 2554 suis
1186 2541 1200 2566 ,
1233 2506 1358 2569 prius
1387 2504 1579 2574 ignariiS,
1608 2503 1693 2552 in·-

110 2583 228 2635 sudit
254 2584 409 2634 lumen
423 2582 545 2648 Nfidei
575 2590 621 2631 et
641 2583 915 2647 cognitionis
939 2584 1278 2648 mysteriorum.
1443 2635 1445 2638 Α

183 2673 266 2723 Ad
286 2672 733 2720 illuminationem...
756 2669 804 2719 id
825 2677 921 2731 est,
962 2686 1055 2718 non
1082 2669 1230 2720 solum
1255 2678 1305 2720 ut
1332 2685 1420 2719 nos
1440 2667 1694 2717 ·illurnine-

118 2768 222 2801 mur
242 2769 254 2808 ς
295 2749 379 2809 sed
402 2756 447 2798 ct
479 2757 524 2798 ut
548 2750 659 2797 alios
684 2747 987 2798 illuminemus
1011 2747 1203 2798 scienti&
1225 2757 1271 2798 et
1295 2747 1556 2810 cognitione
1585 2741 1696 2808 glo·-

123 2831 202 2879 riae
225 2825 334 2878 Dei.

186 2922 247 2972 In
263 2919 404 2986 facie
433 2919 612 2970 Christi
630 2916 742 2968 Jesn
753 2936 779 2981 ,·
801 2917 849 2968 id
874 2926 969 2983 est,
1004 2934 1107 2984 quae
1129 2917 1268 2984 gloria
1293 2913 1383 2965 Dei
1405 2915 1522 2967 clare
1538 2914 1595 2964 ‘m
1614 2909 1699 2964 Fi·
