1794 3210
0 210 25 253 (Ξ

426 71 700 126 :uranx
716 87 802 123 nx
806 84 1024 123 cosmo.
1047 65 1182 134 Cap.
1217 68 1326 122 X!
1604 67 1705 120 223

135 157 322 221 &Esto
337 160 708 230 pseudoapostoli
737 163 828 211 sint
852 161 988 219 nobis
1014 174 1234 208 sermone
1247 173 1411 227 graeco
1435 158 1696 222 peritiores,

110 242 240 296 sed
220 261 316 294 non
338 252 446 294 sunt
471 246 516 293 in
535 243 671 293 rebus
695 241 864 290 divinis
892 240 1171 292 doctiores.
1187 279 1205 291 ,,

186 318 328 372 Hanc
357 318 635 371 Divinorum
657 319 913 376 scientiam,
956 332 1061 379 quae
1086 313 1364 381 Apostolum
1403 314 1555 374 decet,
1584 313 1688 364 cal-

110 396 224 458 leo·
212 435 226 458 ‚
250 414 340 449 -vos
376 398 464 462 ipsi
486 397 608 446 scitis
627 430 643 454 ‚
671 395 776 460 quia
807 395 857 443 in
877 393 1094 444 omnibus
1126 390 1354 441 manifesti
1384 390 1552 440 suimus
1575 389 1696 457 apud
1729 423 1747 444 ,-

123 493 231 544 vqs»,
252 481 299 527 et
313 473 454 537 dictis
475 479 520 521 et
536 470 664 522 sactis

182 537 285 602 Aut
312 533 429 599 sorte
459 535 638 613 culpam
666 549 894 607 commisi,
925 554 970 596 et
997 554 1240 613 propterea
1272 561 1349 594 me
1378 545 1529 593 minus
1562 533 1697 594 testi-¹

110 632 270 682 matis.
259 629 280 665 Ρ
298 623 401 693 quia
430 627 551 693 apud
571 645 657 677 vos
678 629 1003 692 memetipsum
1018 620 1272 686 humiliavi,
1307 632 1354 674 ut
1370 640 1456 673 vos
1482 607 1570 674 hac
1590 622 1694 673 mezi

114 706 370 758 humilitate
406 706 658 756 exaltarem
683 707 730 755 in
765 705 889 760 fidez

130 781 295 835 --A'u't
310 784 431 834 forte
467 785 674 848 peccavi,
719 784 820 847 quia
855 784 992 846 gratis
1026 784 1218 830 omnino
1251 775 1557 843 Evangelium
1596 774 1709 828 Deir

109 861 252 911 vobis
275 859 578 928 annuntiavi?

181 936 311 989 Alias
333 934 560 986 Ecclesias
598 914 828 1001 pauperes
843 932 957 996 feci,
1000 935 1058 984 ab
1086 936 1152 984 eis
1169 934 1424 984 necessaria
1445 934 1691 997 recipienS,

112 1024 164 1067 ut
187 1017 321 1066 vobis
341 1017 440 1064 sine
461 1021 647 1078 sumptu
667 1014 961 1062 inservirem.

183 1113 245 1165 Et
282 1116 417 1164 vobis
439 1130 658 1178 praesenS,
704 1114 931 1180 vobisque
962 1115 1188 1175 serviens,
1222 1119 1268 1161 et
1297 1111 1435 1160 rebus
1464 1126 1687 1160 necessa-

40 1206 51 1213 “’
121 1195 200 1243 riis
229 1193 470 1243 destitutus
483 1230 496 1253 ‚

195 1267 326 1322 Nulli
351 1268 554 1320 vestrfim
582 1268 798 1318 molestus
820 1265 912 1324 sui3
942 1268 1044 1332 quia
1074 1265 1198 1332 quod
1220 1263 1336 1314 mihi
1361 1261 1510 1313 deerat
1531 1262 1589 1311 ad
1613 1265 1693 1328 yi-

112 1357 175 1399 tae
213 1349 534 1408 necessitates,
560 1353 604 1395 et
634 1344 789 1394 labore
821 1360 1039 1393 manuum
1074 1342 1232 1391 lucrari
1265 1358 1361 1390 non
1391 1342 1546 1406 potui,
1571 1357 1694 1405 sup-

112 1427 356 1493 pleverunt
390 1423 546 1483 fratres
565 1458 581 1485 ,
603 1413 681 1487 qui
708 1427 937 1471 venerunt
960 1424 986 1469 a
1013 1416 1334 1479 Macedonia:

183 1502 482 1556 Sicutautem
505 1505 552 1552 in
579 1502 791 1550 omnibus
821 1499 1042 1549 hactenus
1066 1500 1166 1550 cavi
1186 1514 1246 1548 ne
1277 1497 1426 1549 sorem
1457 1495 1534 1546 ulli
1563 1510 1688 1545 one-

115 1602 279 1646 rosus,
306 1586 366 1633 ita
390 1592 435 1634 et
462 1586 511 1632 in
538 1589 773 1648 posterum
799 1580 992 1629 cavebo.

182 1661 361 1716 Verum
386 1663 506 1723 dico,
532 1663 660 1712 testis
685 1668 754 1710 est
774 1658 886 1709 mihi
910 1660 1076 1709 veritas
1098 1659 1194 1723 ipsa
1212 1654 1438 1717 Christus,
1461 1671 1558 1704 non
1579 1649 1690 1703 Co·-
1757 1708 1761 1715 ¹

111 1742 255 1792 rinthi
279 1742 445 1803 solum,
471 1742 555 1792 sed
580 1748 628 1791 et
653 1744 700 1790 in
742 1742 878 1789 totius
912 1736 1104 1790 Achaiae
1133 1737 1395 1804 regionibus
1414 1772 1427 1796 ,
1453 1733 1554 1784 haec
1586 1750 1694 1784 mea

114 1820 362 1888 Evangelii
397 1824 534 1874 vobis
571 1816 858 1888 praedicandi
889 1815 1081 1885 ‘granulo
1099 1816 1262 1886 ⁷gloria
1301 1835 1399 1868 non
1431 1817 1689 1882 abrumpe-f

112 1909 206 1953 tur.
1700 1904 1708 1917 ¹

186 1974 282 2028 Cur
302 1978 350 2028 id
375 1977 496 2043 apud
518 1994 603 2026 vos
636 1976 763 2042 ago?

181 2051 266 2104 An
291 2057 394 2121 quia
412 2071 498 2104 vos
519 2070 616 2103 non
635 2053 793 2117 diligo,
820 2050 926 2101 ideo
949 2059 995 2100 et
1017 2049 1139 2100 dona
1160 2067 1354 2142 respuo.
1343 2049 1367 2086 Ρ

185 2130 342 2184 Deum
361 2134 453 2183 mei
487 2131 638 2182 cordis
660 2134 968 2224 inspectorem
991 2137 1152 2191 testor,
1181 2132 1283 2198 quia
1304 2145 1390 2179 vos
1415 2126 1569 2194 diligo,
1591 2127 1689 2220 imo

116 2220 164 2264 et
185 2213 408 2279 depereo,
425 2209 495 2275 1?ss
517 2233 566 2265 2.

185 2329 242 2382 Id
270 2333 403 2396 igitur
431 2329 565 2392 faci0,
593 2338 638 2381 et
673 2329 865 2388 faciam3
904 2346 1003 2391 seu,
1033 2331 1083 2379 in
1123 2335 1216 2378 tota
1242 2323 1439 2388 Achaia,
1477 2333 1523 2375 et
1546 2328 1690 2389 gratis*

115 2409 342 2476 praedico,
375 2417 420 2460 et
447 2409 738 2476 praedicabo,
774 2416 821 2458 ut
851 2405 1245 2473 pseudoapostolis
1277 2413 1513 2472 amputem
1545 2418 1689 2453 occa-

116 2486 298 2534 sionem
329 2504 463 2552 quam
489 2495 715 2554 quaerunt,
744 2485 881 2549 nobis
905 2501 1036 2552 pares
1070 2501 1188 2545 esse,
1217 2483 1276 2534 de
1301 2501 1392 2551 quo
1415 2482 1688 2547 gloriantur3

117 2571 195 2613 aut
216 2569 347 2626 sane,
371 2567 485 2616 sicut
507 2573 552 2615 et
576 2582 682 2628 nos,
707 2563 819 2615 nihil
858 2567 884 2613 a
917 2563 1053 2613 vobis
1090 2556 1330 2629 accipiant.

186 2679 431 2746 Quaerunt,
455 2687 661 2750 inquam,
689 2686 822 2735 nobis
848 2701 951 2746 esse
967 2681 1167 2732 similes:
1192 2698 1300 2731 nam
1319 2678 1583 2745 hujusmodi
1600 2676 1689 2727 ho·

115 2760 266 2808 mines
288 2758 398 2810 salso
420 2761 550 2811 titulo
566 2797 580 2823 ,
605 2771 645 2811 et
669 2763 858 2812 nomine
879 2761 1073 2809 tantum
1091 2753 1332 2823 Apostoli,
1362 2763 1468 2807 sunt
1493 2755 1690 2820 operarii

117 2833 295 2896 dolosi,
332 2839 409 2900 qui
438 2833 765 2901 Apostolorum
797 2834 967 2888 Christi
996 2834 1170 2884 larvam
1199 2832 1548 2896 circumferunt,
1585 2834 1691 2882 curn

116 2911 206 2960 siut
231 2905 418 2963 Satanae
446 2917 656 2968 ministri.
