1794 3210
412 18 632 85 anptmr
667 46 954 85 exposrrro.
994 26 1268 99 Cap.-III.
1431 85 1435 86 γ
1526 30 1632 98 387

80 111 94 141 “’
130 117 305 187 Atqui,
325 117 432 171 Deo
458 121 674 188 loQuente
692 159 704 182 ,
737 121 865 173 factae
903 132 1009 174 sun-t
1030 119 1240 173 Abrahae
1267 120 1636 187 promissiones,

65 207 113 251 et
154 198 383 250 multoties
420 203 645 266 repetitae.
687 196 865 250 GeneS.
909 219 987 251 12.
1022 199 1072 250 3.
1121 203 1232 249 item
1290 215 1368 262 17.
1421 216 1470 262 7;
1522 199 1636 248 item

71 295 156 329 22.
187 276 266 328 18.

147 366 211 417 Et
229 368 399 416 semini
416 365 533 431 ejus.
558 363 700 428 Quod
721 360 897 414 Genes.
926 382 1003 415 12.
1027 364 1077 425 3,
1100 364 1158 414 de
1177 362 1448 415 Abrahamo
1470 366 1647 416 dictum

79 453 177 506 est,
199 445 308 494 illud
332 441 504 494 GeneS.
523 460 607 492 22.
633 438 709 499 18,
738 439 909 490 dictum
939 449 1007 491 est
1034 442 1092 491 de
1122 443 1299 491 semine
1324 442 1451 503 ejus:
1477 444 1539 491 Ec
1559 446 1643 491 be·-

78 523 352 584 nedficentur
377 523 424 570 in
445 521 623 568 semine
644 526 722 566 tuo
735 552 752 576 ‚
778 526 864 566 etc.
900 526 948 567 ut
971 519 1188 569 indicaret
1209 518 1329 568 hanc
1346 519 1646 569 benedictio-

75 614 186 655 nem
201 605 468 647 eventuram
489 594 661 644 mundo
689 611 768 657 per
792 610 935 642 unum
958 612 1016 644 ex
1039 592 1244 645 Abrahae
1269 594 1384 643 filiis.

146 673 273 725 Ecce
292 680 614 725 testamentum
637 676 662 722 a
684 669 790 721 Deo
813 671 979 721 facturn
1000 669 1221 723 Abrahae.

149 756 266 810 Illud
289 768 442 809 autem
466 755 714 823 Apostolus
736 754 825 806 Dei
863 761 1019 823 spiritu
1058 759 1279 823 explicat,
1307 757 1467 808 dicens
1493 755 1648 808 Deum

82 836 240 906 plurali
257 854 447 887 numero
469 853 563 885 non
583 834 720 885 fuisse
750 835 948 885 locutum
968 872 982 897 ,
1005 854 1098 885 non
1123 837 1235 884 dicit
1252 854 1268 884 .·
1290 836 1354 884 Et
1372 837 1647 896 seminibus,
1701 880 1712 885 -

84 916 223 979 quasi
239 913 429 970 mullis,·
467 913 549 960 sed
567 913 707 976 quasi
725 912 772 959 in
795 930 884 960 mzo
896 927 919 967 ;
952 913 1035 962 sed
1059 914 1269 977 singulari
1288 950 1301 974 ‚
1341 921 1390 962 ut
1426 913 1649 964 indicaret

82 1007 227 1041 unum
246 991 445 1058 aliquem
469 1006 529 1039 ex
558 987 765 1039 Abrahae
790 989 890 1037 filiis
920 1007 1017 1038 non
1048 1007 1107 1039 ex
1129 987 1323 1039 Isrnaele
1344 992 1652 1053 nasciturum,

85 1068 170 1118 sed
187 1085 247 1117 ex
264 1066 416 1117 Isaaco
434 1103 447 1127 ‚
474 1068 549 1130 qui
571 1068 616 1113 in
640 1083 696 1114 eo
735 1065 954 1114 sacrificio
975 1102 987 1126 ,
1032 1067 1090 1115 de
1111 1085 1219 1131 quo,
1250 1064 1424 1116 Genes.
1453 1087 1537 1118 22.
1565 1067 1652 1130 18,

86 1138 256 1194 Christi
277 1142 416 1205 figura
453 1139 627 1198 fueram
655 1156 737 1187 seu
762 1147 807 1188 ut
847 1139 1069 1190 indicaret
1102 1138 1362 1201 Christum,
1397 1158 1484 1205 per
1518 1160 1654 1206 quem

94 1219 467 1281 benedicerentur
486 1234 644 1266 omnes
666 1224 840 1280 gentes.

159 1301 217 1361 Ῠ.
237 1327 255 1358 1
268 1327 312 1375 7.
333 1309 386 1357 H
387 1326 442 1356 oc
459 1316 614 1355 autem
627 1308 749 1368 dico,
774 1315 1099 1355 testamentum
1120 1307 1150 1354 ὰ
1172 1307 1274 1354 Deo
1295 1306 1650 1371 confirmatum.

94 1384 178 1438 Gr.
201 1392 523 1436 testamentum
546 1391 650 1432 ante
674 1382 1030 1432 authenticatum
1054 1387 1079 1431 ὲ
1095 1380 1197 1432 Deo
1214 1386 1258 1431 in
1280 1380 1529 1434 Christum.
1546 1382 1656 1451 Syr.

91 1464 214 1532 quod
234 1467 338 1512 ante
365 1462 679 1512 confirmatum
715 1470 782 1510 est
805 1465 830 1510 a
848 1457 951 1510 Deo
976 1464 1023 1511 in
1045 1458 1245 1510 Christo,

96 1567 97 1570 ’
162 1547 402 1615 Explicato
430 1550 689 1598 testamenti
708 1565 845 1597 sensu
862 1584 875 1609 ,
910 1549 1026 1598 redit
1053 1548 1111 1597 ad
1137 1550 1438 1613 interruptum
1474 1568 1664 1600 sermo-

93 1645 232 1690 nem,
264 1636 308 1678 et
328 1627 558 1685 ‚concludit
582 1643 641 1676 ex
659 1643 715 1676 eo
740 1626 863 1691 quod
891 1627 1007 1675 dixit
1030 1620 1164 1690 supra
1185 1663 1197 1688 ,
1217 1635 1538 1677 testamentum
1559 1627 1659 1693 lio-5

93 1707 234 1756 minis
251 1703 562 1754 authenticum
590 1721 686 1753 non
701 1701 914 1752 rescindi.

162 1790 289 1859 Ergo
324 1792 678 1842 authenticatum
702 1797 1024 1840 testamentum
1062 1786 1174 1839 illud
1196 1794 1221 1839 3
1243 1787 1348 1841 Deo
1388 1789 1555 1842 facturn
1594 1791 1658 1844 de

93 1874 425 1924 benedicendis
449 1873 712 1922 hominibus
735 1888 815 1936 per
844 1868 1093 1931 Christum,
1112 1880 1157 1920 et
1178 1873 1410 1936 perfidem
1431 1876 1478 1922 in
1491 1870 1659 1924 Chris-

95 1958 193 2001 turn
209 1986 223 2010 ‚
247 1950 323 2002 lex
339 1949 474 2014 longe
493 1952 732 2014 posterior,
755 1965 849 1997 non
889 1955 1038 2013 potest
1060 1950 1260 2012 irritare,
1282 1966 1371 1999 nec
1404 1951 1623 2016 abrogare
1640 1990 1657 2016 ,

95 2028 267 2078 necilli
287 2027 396 2093 quid
419 2027 739 2091 superaddere.

166 2114 287 2164 Post
306 2111 713 2181 quadringentos...
747 2112 812 2163 Hi
839 2114 1154 2180 quadringenti
1180 2117 1358 2180 triginta
1389 2120 1498 2166 anni
1529 2120 1656 2169 inci-

98 2194 253 2261 piendi
294 2203 398 2244 sunt
431 2197 461 2243 ’ὲ
487 2196 628 2258 prima
662 2197 965 2259 promissione
1006 2189 1213 2243 Abrahae
1252 2193 1398 2258 facta,
1421 2213 1566 2261 usque
1597 2197 1664 2250 ad

98 2271 250 2322 datam
267 2272 416 2336 legem
440 2274 487 2320 in
508 2279 666 2321 monte
686 2268 811 2321 Sina.
840 2268 960 2322 Vide
982 2268 1159 2320 Estium
1177 2310 1192 2336 ,
1210 2269 1471 2324 Cornelium
1487 2312 1502 2339 ,
1532 2273 1574 2325 F
1575 2293 1668 2327 ro--
1702 2318 1709 2322 f

99 2347 350 2407 mondum3
378 2355 482 2396 ante
507 2363 586 2396 eos
603 2346 666 2399 D.
678 2346 913 2398 'lhornam
939 2348 1015 2397 hic
1033 2386 1047 2412 ,
1073 2345 1136 2397 D.
1161 2344 1488 2414 Augustinum.

171 2433 242 2500 ss.
275 2437 353 2489 18.
375 2437 507 2488 Nam
527 2439 573 2486 si
589 2440 777 2502 exlege,
803 2455 883 2488 seu
910 2438 1020 2504 legis
1035 2438 1340 2507 observantia,
1358 2460 1440 2513 seu
1464 2443 1655 2510 exlegis

103 2488 336 2583 operibus,

174 2585 463 2653 Hoeredztas,
489 2593 778 2671 benedictiO,
795 2594 992 2677 justitia,
1015 2595 1132 2675 salus
1157 2605 1355 2657 aeterna;

174 2694 289 2741 Jam
309 2706 422 2749 non,
444 2685 491 2736 id
512 2695 612 2750 est,
658 2704 766 2752 ergo
794 2705 889 2738 non
911 2706 971 2738 ex
999 2691 1328 2754 promissione,
1340 2706 1459 2758 quae
1470 2691 1588 2744 facta
1604 2707 1675 2749 ωε

107 2759 377 2816 Abrahamo
402 2765 500 2813 sine
520 2762 650 2836 lege,
677 2772 723 2814 et
746 2768 845 2836 sine
870 2765 1022 2835 legalis
1050 2767 1395 2818 observationis
1418 2773 1670 2826 mentione,

179 2841 390 2891 Abrahae
417 2849 574 2890 autem
597 2859 683 2906 per
713 2842 1126 2908 repromissionem
1152 2842 1354 2893 donavit.
1387 2839 1468 2894 Gr.
1517 2851 1667 2909 grati-
