1794 3210
436 50 652 87 ·rmnux
686 47 977 86 Exposrrio.
1015 31 1133 99 Cap.
1171 26 1238 83 V.
1514 33 1618 96 445

54 110 93 166 2-
113 121 181 189 Ϊ.
207 142 257 174 2.
281 124 404 173 Ecce
430 142 511 187 ego
541 122 771 172 Paulus...
835 159 838 162 Α
868 154 874 167 ,
1108 160 1109 163 ,

24 244 29 247 .
87 212 90 215 ’
115 197 226 258 Vox
245 208 313 251 est
332 201 606 250 auctoritatis
625 236 640 262 ,
664 206 709 248 et
732 196 1035 248 attentionem
1054 193 1340 260 postulantis.

65 325 68 328 .
114 272 499 343 Pseudoapostoli
520 272 624 326 Act.
647 275 725 325 15.
747 274 961 324 dicebant
980 271 1115 321 :Nisi
1140 270 1521 324 circumcidamini
1537 289 1621 325 se-

47 343 250 418 cundum
269 372 446 405 morem
470 351 650 418 Moysis
669 388 683 412 ,
711 367 807 411 nou
828 351 1020 412 potestis
1042 348 1220 398 salvari.

116 427 162 482 E
196 440 351 482 contra
368 469 382 491 ,
406 431 537 481 divus
557 427 722 479 Paulus
741 465 754 489 ,
797 421 1055 475 Galatarum
1089 428 1390 474 attentionem
1422 426 1620 491 postula·

47 513 121 558 tus
138 543 154 570 ‚
179 505 370 556 affirmat
388 504 599 554 audacter
623 523 634 553 ε
664 503 784 551 Ecce
808 519 888 564 ego
912 500 1094 550 Paulus
1113 539 1126 565 ,
1156 494 1332 551 Christi
1351 498 1623 567 Apostolus,

45 586 99 651 iu
120 601 212 651 quo
233 591 284 633 et
303 585 384 648 per
402 599 539 647 quem
568 578 776 630 Christus
792 579 1014 645 loquitur,
1583 620 1585 624 ,

113 662 243 723 Dico
280 660 432 723 vobis,
479 655 653 726 Galatis
697 658 958 723 gentilibus,
984 666 1030 707 et
1070 674 1166 708 non
1194 654 1391 722 Judaeis‚
1419 658 1544 724 quud
1572 656 1619 709 si

49 739 464 789 circumcidamini
478 775 494 800 ,
517 746 605 788 etc.

356 888 659 925 NOTANDUM
695 888 763 923 An
800 868 1261 943 ιΝΤΕιιᾸοΕΝΤΙΑΜ.

84 1006 248 1061 «Nota
269 1008 392 1074 quod
420 1016 525 1058 tunc
559 1025 647 1056 nec
673 1004 849 1057 Judaeis
868 1044 881 1068 ,
923 1025 1011 1057 nec
1042 1005 1302 1059 Gentilibus
1338 1011 1620 1063 circumcisio

52 1097 177 1139 esset
203 1087 260 1138 ad
279 1089 468 1138 salutem
491 1089 743 1137 necessaria
758 1124 770 1147 ‚
795 1083 967 1134 Judaeis
982 1086 1348 1136 tamennondum
1370 1097 1464 1138 erat
1482 1106 1622 1139 mor-

51 1158 214 1213 lisera:
237 1164 365 1225 justis
386 1166 528 1212 enim
560 1162 618 1210 de
645 1163 788 1210 causis
827 1161 1173 1226 permittebatur
1202 1161 1412 1211 fidelibus
1447 1162 1618 1215 Judaeis

51 1239 170 1291 filios
195 1257 301 1290 suos
328 1239 680 1297 circumcidere,
709 1257 816 1304 quas
842 1239 954 1288 vide
988 1242 1036 1288 in
1065 1239 1160 1289 fine
1201 1243 1357 1306 capitis
1390 1232 1616 1305 secundi,

54 1316 291 1386 (synopsis
315 1317 695 1385 disputationum)
715 1339 725 1374 ;
745 1320 818 1367 sic
839 1327 885 1368 et
909 1315 1073 1367 Paulus
1097 1321 1194 1384 ipse
1209 1317 1529 1384 Timotheum,
1558 1339 1621 1373 ex

55 1405 200 1449 mat-re
220 1399 415 1461 judaeum
435 1435 447 1459 ,
473 1396 767 1448 circumcidit.

126 1477 194 1529 At
217 1479 426 1529 fidelibus
459 1476 720 1529 Gentilibus
759 1484 851 1527 erat
890 1476 1118 1527 mortifera
1160 1481 1472 1539 circumcisio3
1516 1483 1621 1548 quia

55 1559 182 1622 ipsos
207 1565 307 1622 post
328 1553 614 1622 Baptismum
641 1553 899 1603 circumcidi
917 1588 930 1612 ,
957 1563 1049 1602 erat
1071 1556 1286 1616 justitiam
1310 1572 1367 1606 ex
1381 1557 1619 1607 circumci-

58 1634 192 1682 sione
209 1648 428 1697 quaerere,
457 1640 502 1681 et
527 1630 671 1694 palam
700 1631 935 1692 protestari
974 1628 1096 1693 quod
1139 1629 1196 1678 ad
1230 1632 1444 1693 justitiam
1489 1649 1622 1682 asse·-

61 1707 289 1775 quendam
314 1724 407 1758 non
428 1708 655 1758 sufficeret
679 1704 845 1756 Christi
863 1708 1027 1770 gratia:
1051 1707 1174 1772 quod
1194 1712 1300 1757 sane
1322 1705 1505 1759 Christo
1527 1717 1623 1760 erat

62 1786 264 1835 maxime
285 1786 568 1847 injuriosum.
1457 1800 1461 1804 “
1492 1785 1501 1788 ”

132 1859 262 1911 Hinc
288 1859 456 1911 Galatis
475 1861 737 1927 gentilibus,
762 1868 805 1910 et
823 1877 916 1908 non
931 1856 962 1907 J
968 1859 1128 1922 udaeis,
1143 1860 1334 1926 loquens
1355 1857 1622 1928 ApostoluS,

62 1957 168 1990 cum
178 1945 440 1990 auctoritate
464 1942 719 2006 pronuntiat
743 1957 755 1987 :
774 1940 828 1987 Si
849 1940 1275 2001 circumcidamini,
1294 1935 1507 1992 Christus
1524 1960 1624 1992 vo-

65 2017 138 2068 bis
159 2017 273 2067 nihil
295 2018 492 2083 proderit
514 2038 525 2075 3
555 2020 646 2066 vita
662 2053 674 2077 ,
706 2019 872 2081 passio,
889 2032 1029 2077 morS,
1058 2034 1195 2067 omne
1207 2020 1417 2067 meritum
1433 2016 1622 2084 Christi,

55 2093 179 2145 'nihil
204 2096 339 2145 vobis
367 2095 599 2162 proderit,
631 2095 700 2142 cui
718 2130 728 2150 ,
753 2095 876 2157 quasi
901 2091 958 2140 ad
983 2076 1196 2154 justitiam
1230 2110 1324 2144 non
1348 2094 1622 2161 sufficienti,

66 2155 353 2223 renuntiastis
370 2173 460 2222 hoc
477 2180 630 2223 vestro
652 2170 708 2219 ad
730 2170 999 2232 judaismum
1023 2187 1223 2221 recursu.

545 2320 868 2357 OBSERVATIO
903 2319 1139 2356 MORALIS.

127 2443 287 2510 ‘Quod
304 2448 341 2496 si
377 2453 527 2496 autem
554 2449 599 2495 in
623 2448 964 2496 circumcisione
1001 2447 1146 2495 carnis
1176 2448 1366 2498 salutem
1393 2465 1625 2514 quaerere,

73 2519 307 2574 Christum
332 2541 412 2589 pro
436 2524 570 2572 nobis
593 2523 855 2572 crucifixum
876 2525 932 2573 sit
953 2524 1149 2585 abjicere
1167 2561 1180 2586 ,
1206 2524 1316 2590 quid
1346 2528 1432 2575 erit
1458 2544 1566 2591 ergo
1581 2529 1631 2578 in

75 2601 380 2668 voluptatibus
398 2606 541 2653 caruis
556 2621 684 2652 suam
706 2602 963 2652 felicitatem
988 2596 1222 2669 quaerere?

148 2678 290 2744 Quod
320 2683 358 2731 si
381 2684 539 2748 partim
561 2684 607 2731 iu
631 2681 728 2747 lege
744 2718 757 2742 ,
788 2684 950 2746 partim
974 2683 1022 2730 in
1045 2680 1135 2730 fide
1155 2698 1282 2732 suam
1308 2683 1520 2735 fiduciam
1546 2701 1632 2736 re·

75 2777 250 2824 ponere
271 2798 285 2823 ,
308 2763 364 2811 sit
386 2757 616 2810 Christum
639 2777 734 2809 non
762 2759 930 2810 habere
949 2796 962 2821 ,
989 2759 1098 2824 quid
1126 2762 1209 2810 erit
1231 2778 1338 2826 ergo
1363 2769 1468 2827 post
1491 2759 1632 2827 Bap-
1689 2757 1694 2760 ’

72 2839 257 2888 tismum
285 2846 426 2891 totam
449 2855 577 2890 suam
599 2856 728 2905 spem
767 2846 812 2889 et
837 2838 1048 2889 fiduciam
1069 2840 1118 2889 in
1139 2843 1328 2891 terrenis
1364 2848 1412 2891 et
1434 2840 1633 2890 damna-
