1794 3210
380 100 602 137 'rmt‘msx
636 79 925 136 ExpostTl'o.
967 81 1086 148 Cap.
1124 80 1192 131 II.
1476 72 1576 142 357

39 192 41 194 ·
82 159 403 229 communiter
433 172 630 222 creditur
652 169 713 222 D.
735 169 1043 235 Augustinum
1081 169 1267 235 propius
1297 165 1355 215 ad
1375 172 1581 215 mentem

3 232 78 309 b.
105 252 235 305 Pauli
261 253 506 302 accessisse
523 286 535 308 ,
569 251 645 314 qui
681 248 792 298 dicit
815 245 1008 298 Petrum
1032 263 1127 294 non
1150 248 1271 294 recte
1295 241 1578 303 ambulasse,

15 340 63 385 et
82 331 190 383 ideo
211 329 349 379 fuisse
370 325 803 391 reprehensibilem,
827 342 906 373 seu
929 322 1287 387 reprehensione
1308 322 1512 384 dignum.

82 406 144 459 Et
165 411 323 458 revera
343 406 442 456 haec
474 404 785 468 interpretatio
811 400 1087 466 probabilior
1107 408 1208 462 est,
1235 407 1280 448 et
1311 415 1413 447 eam
1437 397 1580 446 secuti

14 502 170 541 sumus
193 487 241 534 in
263 481 518 550 paraphrasi
541 487 588 528 et
611 483 660 528 in
685 480 1033 528 commentario.

83 564 229 616 Lectu
251 572 401 613 tamen
417 599 430 622 ,
451 569 495 610 et
512 561 756 610 observatu
781 559 1045 623 dignissima
1066 555 1176 607 Divi
1199 553 1393 606 Joannis
1415 547 1581 620 Chry·-

16 641 206 693 sostomi
237 638 553 702 interpretatIO
593 635 650 685 de
688 634 963 684 simulatoria
1002 632 1128 684 Petri
1164 631 1497 696 judaizatione„
1526 634 1582 678 et

7 715 292 779 ,simulatoria
308 711 439 764 Pauli
465 711 840 778 reprehensione.

86 783 235 840 Divus
267 791 390 840 enim
411 785 768 854 Chrysostomus
793 787 918 836 idem
946 794 1148 836 senserat
1169 803 1219 835 ac
1240 785 1373 835 divus
1397 781 1582 833 Hiero-

19 886 210 937 nymu8‚
237 877 281 919 et
307 878 410 935 post
433 886 512 918 eos
535 866 919 933 Theopliylactus
945 875 988 916 et
1011 863 1251 916 Baronius.

87 942 145 994 In
167 944 252 994 hac
287 947 508 1012 opinione
538 941 704 994 Petrus
724 942 950 991 simulavit
973 942 1245 1003 judaismum
1265 978 1278 1003 ‚
1303 949 1352 989 ut
1378 934 1585 988 simulata

19 1015 153 1071 Pauli
183 1021 540 1086 reprehensione
556 1057 571 1080 ‚
606 1035 767 1069 omnes
790 1017 975 1067 Judaeos
1005 1023 1030 1067 a
1052 1016 1083 1066 J
1089 1017 1292 1067 udaismo
1313 1015 1582 1067 retraheret:

19 1100 82 1149 ita
117 1087 174 1148 ut·
200 1091 303 1148 haec
340 1099 492 1164 omnia
534 1114 595 1146 ex
642 1092 900 1160 composito
934 1097 1164 1160 utriusque
1207 1111 1433 1144 consensu
1457 1103 1581 1159 gesta

19 1177 204 1228 fuerint.
254 1178 255 1181 ’

91 1255 218 1306 Huic
238 1258 442 1324 opinioni
463 1255 584 1306 favet
603 1262 753 1305 textus
779 1251 964 1304 Graecus
984 1252 1127 1300 κατὰ,
1147 1247 1404 1317 προσώπῳ,
1419 1272 1584 1302 secun·-

21 1332 360 1398 ditmfacicm;
386 1333 432 1382 id
456 1341 545 1395 est,
566 1336 612 1381 in
628 1335 857 1398 speciem,
878 1335 937 1380 ait
953 1326 1025 1381 D.
1049 1328 1437 1398 Chrysostomus3
1462 1331 1587 1382 favet

2 1417 68 1461 *et
97 1409 221 1481 quod
244 1408 298 1466 ψ.
328 1409 401 1460 13-
427 1410 616 1473 dicitur,
642 1402 1065 1466 εοόὲείηηιῖαόαηι,
1092 1408 1140 1457 id
1166 1419 1263 1471 est,
1287 1413 1345 1460 ait
1367 1408 1586 1479 Chryso-

22 1495 198 1539 stomus
213 1525 228 1551 ,
251 1496 300 1539 et
325 1487 650 1537 simulaverunt
674 1505 776 1536 curn
798 1504 853 1536 eo
877 1490 1029 1536 caeteri
1050 1485 1221 1537 Judaei.

60 1598 62 1601 -
91 1560 198 1614 Nec
223 1564 312 1614 dici
333 1563 474 1614 debet
498 1563 620 1631 quod
646 1562 736 1613 hoc
758 1563 907 1613 faveat
936 1563 1206 1613 mendacio:
1236 1573 1305 1615 est
1327 1567 1449 1614 enim
1467 1573 1588 1616 stra-

4 1649 201 1708 ·tagema
219 1645 367 1707 potius
391 1646 524 1709 quam
541 1641 845 1700 mendacium,
865 1643 923 1689 ait
940 1638 1178 1690 Cornelius
1197 1645 1220 1689 a
1237 1640 1430 1708 Lapide‚
1451 1658 1589 1707 quem

24 1718 136 1768 vide
156 1734 254 1783 pag.
280 1718 380 1787 396
393 1753 409 1777 ,
435 1716 646 1767 columna
671 1734 717 1767 2.
753 1714 873 1766 sacta
895 1719 1050 1780 potius
1069 1724 1113 1766 et
1129 1715 1300 1766 facilius
1317 1724 1591 1767 excusantur

25 1797 53 1845 ὲ
70 1794 312 1844 mendacio
327 1832 340 1858 ,
365 1800 498 1862 quarn
518 1796 675 1843 verba.
1626 1858 1638 1863 -

94 1871 276 1924 Fuisset
295 1874 481 1939 quidem
501 1873 810 1934 mendacium,
832 1875 870 1922 si
901 1870 1067 1923 Petrus
1091 1874 1362 1937 judaismum
1392 1875 1590 1922 exterius

28 1951 313 2015 simulasset,
341 1970 479 2019 quem
499 1955 688 2003 interius
708 1954 755 2000 in
774 1951 912 2010 corde
929 1952 1256 2003 detestaretur:
1281 1951 1364 2001 sed
1386 1950 1478 2001 hoc
1495 1967 1593 2001 non

26 2029 187 2081 docuit
199 2025 360 2082 Divus
379 2031 585 2083 Joannes
602 2029 983 2097 Chrysostomus,
1001 2048 1087 2082 nec
1099 2031 1232 2082 divus
1242 2024 1588 2099 HIeronymus,

30 2110 92 2158 ait
113 2107 236 2159 idem
257 2106 495 2161 Cornelius
512 2148 524 2171 ,
555 2110 728 2159 ibidem
757 2128 798 2158 1.
823 2108 1049 2159 columna.

101 2182 231 2236 Hinc
253 2186 375 2237 idem
398 2185 634 2237 Cornelius
666 2194 791 2252 putat
817 2187 940 2251 quod
970 2189 1018 2235 in
1043 2175 1294 2252 q'uaestione
1318 2183 1377 2234 de
1406 2181 1597 2233 simula-

31 2262 165 2331 tione
185 2269 228 2310 et
250 2265 491 2314 mendacio
505 2302 517 2325 ,
547 2282 642 2315 non
666 2281 770 2315 sese
791 2266 988 2313 invicem
1009 2266 1114 2313 satis
1138 2264 1444 2314 intellexerint
1465 2261 1598 2311 divus

36 2334 355 2403 Hieronymus
398 2349 452 2390 etv
482 2341 615 2392 divus
650 2331 959 2406 Augustinus,
986 2341 1161 2410 ibidem
1182 2339 1307 2409 395,
1347 2344 1393 2389 in
1418 2339 1514 2389 fine
1549 2355 1597 2388 2.

37 2415 282 2469 columnae.
