1794 3210
418 41 639 80 'rmpmx
667 39 959 77 Exposmo.
995 23 1114 88 Cap·
1149 23 1214 71 II.
1499 19 1605 82 343

0 121 2 185 i
38 133 145 170 cum
186 118 398 182 privatim
431 117 812 174 communicavit,
846 122 890 164 et
930 114 1094 178 quibus
1136 129 1266 161 suurn
1302 110 1608 176 Evangelium

0 190 396 266 &giexarninandum
414 195 640 252 submisit,
660 195 703 244 in
724 211 780 243 eo
801 192 911 242 nihil
929 189 1240 252 immutarunt,
1265 209 1352 259 nec
1370 189 1605 252 addendo,

0 264 2 292 r
28 279 130 327 *nec
153 275 398 325 demend0.

115 351 190 400 Ab
209 352 267 399 iis
288 352 372 415 qui
392 349 717 400 videbantur...
735 344 827 393 hoc
847 345 1060 404 verbum,
1084 344 1378 402 videbamur,
1395 363 1491 394 non
1513 345 1608 394 tol-

42 424 94 478 tit
116 432 182 478 rei
215 431 472 486 veritatem,
501 424 583 474 sed
620 423 785 472 samam
817 422 942 471 addit
981 423 1189 470 veritati:
1229 422 1451 486 significat
1479 420 1638 488 ergo,'

48 508 126 571 qui
150 513 274 556 erant
301 499 461 554 revera
482 506 699 552 maximae
723 502 996 548 auctoritatis
1019 506 1063 547 et
1085 501 1302 560 scientiae,
1332 507 1378 549 et
1411 508 1458 549 ut
1482 500 1610 562 tales,

47 582 94 631 in
115 597 282 645 magno
304 578 422 644 apud
445 595 607 628 omnes
625 586 751 627 erant
771 580 934 641 pretio.

115 660 289 726 Quales
307 659 559 724 aliquando
569 656 812 721 fuerint...

113 737 210 789 Hic
231 738 344 789 mihi
368 738 546 786 videtur
565 734 816 801 Apostolus
844 735 934 784 duo
958 736 1092 783 nobis
1118 733 1317 784 indicare
1342 734 1458 784 velle
1478 753 1488 781 :
1510 735 1614 800 pri-

45 818 195 876 mum,
225 816 335 880 quid
364 833 456 864 non
488 815 840 864 consideraverit
876 815 922 860 in
961 813 1180 876 primariis
1218 808 1490 877 Apostolis3
1531 829 1615 861 se·-

49 893 271 956 cundum,
297 893 403 959 qnid
426 891 794 942 consideraverit·

116 965 227 1018 Non
249 967 551 1017 consideravit
575 967 682 1031 quid
702 975 744 1015 et
764 964 915 1029 quales
937 963 1100 1012 suerint
1123 971 1228 1012 ante
1244 981 1370 1012 suam
1389 967 1412 1012 ὲ
1434 962 1617 1014 Christo

45 1050 361 1108 vocationem,
387 1049 872 1111 nimirumpiscatores,
908 1043 1137 1104 illitterati,
1162 1043 1296 1092 rudes
1323 1052 1365 1092 et
1388 1045 1560 1094 idiotae.

115 1122 248 1188 Hoc„
270 1125 472 1189 inquam,
501 1141 595 1172 non
619 1123 955 1189 consideravit,
983 1122 1088 1169 alias
1116 1124 1209 1185 ipse
1242 1123 1352 1169 civis
1378 1139 1615 1184 romanus,

45 1203 197 1264 diveS,
220 1201 399 1262 doctus,
424 1204 468 1251 in
498 1201 596 1266 lege
625 1205 864 1251 instructus
884 1204 908 1248 a
933 1196 1199 1259 Gamaliele,
1232 1208 1275 1248 et
1304 1200 1409 1249 ideo
1446 1201 1620 1250 huma-

46 1284 168 1333 nitus
188 1277 278 1331 illis
302 1281 478 1331 doctior
504 1284 546 1329 in
572 1281 803 1345 legalibus,
836 1297 914 1328 eos
939 1297 1033 1328 non
1058 1278 1373 1328 consuluisset.

120 1356 275 1408 Voluit
306 1362 332 1406 a
366 1355 536 1408 Galatis
566 1357 751 1421 intelligi
785 1359 885 1423 quia
917 1364 961 1405 et
1016 1360 1184 1420 peritus
1209 1356 1293 1406 suit
1319 1359 1365 1406 in
1391 1355 1522 1420 lege,
1557 1356 1620 1405 ait

53 1433 353 1490 Ambrosius.

119 1511 229 1563 Hoc
261 1520 412 1562 autem
444 1529 538 1561 non
569 1512 778 1560 vanitatis
804 1507 965 1570 causa,
996 1509 1079 1557 sed
1117 1511 1218 1573 quia
1241 1507 1360 1572 apud
1397 1525 1477 1557 eos
1503 1524 1617 1575 pre·-

47 1592 257 1645 mebatur
270 1590 459 1640 aliorum
483 1592 607 1654 quasi
628 1588 947 1653 judaizantium
970 1589 1259 1636 auctoritate:
1281 1585 1387 1635 hinc
1410 1603 1509 1636 sese
1524 1603 1624 1636 mo-

51 1658 183 1718 deste
203 1669 350 1732 erigit.
1557 1665 1560 1669 ’

119 1741 215 1804 Sed
235 1745 543 1795 consideravit
570 1743 677 1811 quid
700 1745 745 1791 in
770 1739 991 1800 Ecclesia,
1020 1759 1101 1806 per
1122 1737 1209 1790 Dei
1233 1742 1419 1804 gratiam
1441 1747 1610 1799 essent,

50 1827 269 1877 nimirum
287 1827 533 1885 columnae,
557 1825 651 1873 aliis
672 1826 1017 1884 eminentiores,
1044 1822 1154 1871 alios
1172 1821 1252 1871 suti
1271 1822 1478 1870 firmitate
1503 1839 1613 1871 sus-

51 1910 306 1962 tentantes;
336 1911 380 1953 et
411 1902 503 1952 hoc
541 1905 586 1952 in
621 1901 705 1951 illis
737 1901 1031 1950 considerans
1051 1918 1102 1948 ac
1127 1917 1379 1957 venerans,
1401 1902 1465 1948 eis
1485 1917 1618 1950 suum

49 1976 356 2044 Evangetium
387 1982 626 2037 submisit,
669 1980 726 2040 ab
769 1981 926 2042 eisque
966 1977 1106 2027 voluit
1142 1977 1399 2043 approbari.

54 2074 60 2079 “
119 2057 265 2107 Nihil
281 2057 582 2106 contulerunt.
605 2052 713 2121 Syr.
736 2053 848 2103 nihil
884 2054 996 2104 mihi
1023 2054 1308 2104 addiderunt.

110 2130 320 2200 'Propter
344 2133 649 2198 parenthesim
685 2133 1027 2197 interpositam,
1061 2133 1309 2195 propositio
1339 2147 1418 2194 per
1451 2128 1621 2179 ablati-

52 2225 163 2258 vum
182 2211 378 2273 incepta,
399 2208 458 2257 ob
481 2211 593 2258 iis...
636 2210 897 2257 terminatur
922 2225 1002 2273 per
1035 2211 1368 2257 nominativum
1391 2207 1620 2257 subaudi—

39 2292 176 2343 .tum;
198 2283 386 2343 scilicet,
413 2286 486 2348 illi
497 2285 629 2333 nih-’l
647 2285 941 2343 εοηῖιιΙενιιηζ
962 2283 1180 2332 doctrinae
1203 2301 1349 2342 meae;
1378 2303 1463 2336 nec
1482 2285 1621 2352 quid-

53 2377 189 2427 quam
211 2359 510 2419 addiderunt,
528 2376 629 2411 ¹nec
655 2359 963 2408 detraxerunt.

117 2436 275 2489 Meam
297 2455 406 2503 ergo
426 2439 679 2488 doctrinam
704 2441 761 2486 ita
790 2455 882 2487 suae
905 2436 1188 2486 conformem
1216 2434 1489 2499 judicarunt,
1508 2444 1557 2485 ut
1575 2437 1621 2485 ei

51 2537 142 2571 nec
167 2519 415 2586 quidquam
441 2518 701 2568 addendum
722 2555 734 2578 ,
757 2535 844 2568 nec
867 2520 924 2567 ab
954 2535 1008 2567 ea
1034 2518 1280 2584 quidquam
1316 2516 1617 2582 adime-ndum

52 2597 432 2646 existimaverint.

118 2669 350 2738 Exemplo
387 2669 449 2721 D.
488 2667 644 2730 Pauli,
676 2671 751 2736 qui
785 2687 886 2718 curn
922 2668 1090 2730 Petro,
1138 2667 1315 2718 Jacobo
1352 2676 1399 2719 et
1431 2667 1618 2720 Joanne

47 2751 287 2802 conferens
304 2789 318 2812 ‚
342 2769 436 2802 non
460 2750 653 2817 attendit
679 2749 736 2799 ad
758 2748 866 2799 illud
888 2751 1009 2814 quod
1039 2750 1279 2816 aliquando
1305 2747 1479 2801 fuerant
1495 2787 1508 2813 ,
1534 2749 1620 2800 sed

49 2828 108 2881 ad
137 2829 185 2878 id
218 2829 341 2897 quod
374 2846 454 2896 per
494 2826 583 2879 Dei
610 2829 796 2892 gratiam
838 2835 983 2876 erant.
