1794 3210
342 26 569 82 tumim
591 29 877 71 Exeosrrro.
910 11 1031 81 Cap.
1055 13 1146 65 VI.
1438 12 1535 81 ζμ

0 129 212 179 mxci-su
248 109 531 179 praecedenti
572 117 625 159 et
665 124 725 158 ex
766 106 924 172 quinto
964 112 1186 171 sequente
1203 141 1218 168 ,
1267 111 1388 170 patet
1429 98 1554 170 quod

104 189 234 239 tolus
249 206 330 255 per
346 205 462 236 onus
483 184 698 249 intelligat
713 183 791 232 hic
811 199 949 232 omne
970 189 1203 247 peccatum
1220 217 1234 244 ,
1254 189 1299 231 et
1318 182 1555 248 speciatim

0 269 255 339 wostasiae,
282 282 362 314 seu
388 259 628 326 judaismi,
660 260 718 310 de
742 276 833 324 quo
857 261 962 322 agit.

54 344 302 398 Portamus
325 351 477 393 autem
510 347 695 406 peccata
719 339 947 401 proximi,
974 353 1170 403 eumque
1209 338 1266 385 ab
1303 335 1394 385 hoc
1416 353 1556 386 onere

0 412 122 496 ‘quasi
143 422 350 472 levamus
369 456 382 480 ‚
408 435 492 485 per
515 417 880 508 compassionem
896 420 944 462 et
970 414 1317 463 instructionem
1341 418 1386 463 in
1402 416 1559 479 spiritu

73 508 207 550 itatis.

0 501 220 639 lenItaque
245 586 405 620 sensus
428 575 527 630 est:
554 567 687 633 lapsis
711 567 1045 634 compatimini,
1077 574 1125 616 ut
1149 568 1197 616 in
1218 565 1494 633 paraphrasi.

62 656 129 705 Et
169 651 604 716 sic.ad1“'.mplebct1s
649 647 734 699 Gr.
772 659 816 699 et
848 653 913 698 sic
944 649 1203 715 adimplete.
1248 647 1390 699 Notat
1428 649 1560 700 divus

0 729 371 817 Chrysostomus,
397 727 520 792 quod
544 724 713 776 Paulus
738 743 831 776 non
855 726 1000 776 dixit:
1024 722 1329 789 πληρώσατε,
1344 727 1563 791 implete;

0 809 82 861 sed
105 801 514 869 αναπληρώσατε,
541 803 671 854 simul
698 821 859 853 omnes
873 802 1072 868 implete,
1088 803 1376 854 scilicetvos
1363 822 1566 855 invicem

0 884 214 938 ferendo.

0 991 1 994 ¹
69 965 142 1032 ff.
166 963 215 1014 3.
236 961 369 1013 Nam
391 965 435 1012 si
458 963 559 1027 quis
579 962 894 1010 existimem...

75 1039 190 1091 Hoc
215 1046 368 1088 contra
388 1038 612 1101 superbos
639 1045 683 1086 et
707 1037 816 1084 dure
840 1043 1077 1100 arguentes
1102 1035 1278 1086 dicitur.

75 1112 134 1174 fi.
157 1118 205 1178 [μ
232 1118 361 1180 Opus
381 1124 538 1163 autem
557 1133 722 1162 suum.

30 1193 187 1252 Hoc
211 1203 364 1244 autem
388 1201 545 1242 contra
568 1209 649 1241 eos
678 1150 752 1258 qui
776 1193 822 1239 in
849 1189 1036 1239 aliorum
1066 1196 1429 1256 comparatione,
1458 1215 1570 1262 quos

11 1292 64 1328 se
89 1273 340 1324 deteriores
362 1279 543 1335 putant,
577 1269 838 1333 gloriantur,
878 1276 924 1317 et
961 1270 1073 1318 sicut
1098 1267 1385 1335 Pharisaeus,
1415 1274 1571 1326 dicunt

10 1356 128 1406 intra
150 1369 233 1401 se:
262 1350 374 1400 Non
398 1363 497 1398 sum
520 1350 640 1397 sicut
656 1348 811 1395 coeleri
829 1346 1085 1395 hommum.

37 1423 188 1481 Hos
213 1439 262 1480 ut
284 1431 496 1493 corrigat,
528 1434 712 1476 revocat
733 1424 789 1474 ad
814 1427 1094 1489 propriorum
1119 1425 1383 1478 delictorum
1409 1434 1575 1481 consi-

16 1508 328 1578 demtionem:
356 1525 471 1570 opus
495 1523 628 1553 suum
650 1504 823 1566 probet.
849 1499 939 1550 Sua
957 1502 1213 1552 consideret
1235 1503 1379 1554 facta'
1367 1524 1414 1556 m
1434 1524 1509 1570 se,
1529 1519 1576 1560 et

16 1596 98 1650 per
125 1589 382 1646 respectum
409 1579 466 1628 ad
483 1577 912 1640 vitae1eg11tam‚et
939 1577 995 1625 ad
1022 1574 1111 1626 Dei
1133 1578 1383 1639 judicium:
1415 1584 1576 1634 Unus-

18 1663 207 1729 quisque
231 1662 352 1708 enim
378 1677 493 1707 onus
520 1677 651 1706 suum
675 1676 722 1704 m
750 1657 839 1704 Dei
855 1655 1023 1717 judicio
1046 1659 1266 1715 portabit.

89 1741 153 1789 Et
173 1740 305 1808 sic-in
326 1740 566 1801 semetipso
590 1738 772 1783 tantiam
791 1736 1071 1797 gl0r1'am.‚...

93 1815 205 1867 Hoc
223 1834 317 1865 non
337 1816 471 1876 dicit,
494 1823 542 1863 ut
567 1816 663 1879 quis
688 1816 734 1862 in
759 1814 1005 1877 semetipso
1026 1812 1264 1877 glorietur3
1290 1818 1384 1867 imo
1407 1821 1464 1869 ab
1488 1819 1579 1872 hoc

0 1922 1 1925 ¹
26 1894 213 1947 cohibet
239 1903 362 1944 metu
382 1894 532 1957 judicii
552 1891 725 1947 ,divini'3
763 1893 861 1955 quis
887 1894 1009 1940 enim
1030 1902 1134 1942 ante
1158 1891 1311 1944 Deum
1336 1896 1511 1958 justus?
1534 1909 1581 1950 et

0 1995 1 2002 ¹
28 1973 128 2038 quis
153 1979 255 2020 ante
280 1970 496 2020 Sanctum
518 1977 776 2018 sanctorum
797 1968 957 2018 audeat
978 1968 1153 2032 gloriari
1177 1971 1234 2020 de
1262 1977 1533 2026 sanctitate?

48 2092 74 2112 ἢ,
93 2044 189 2098 Sed
222 2047 314 2097 hoc
349 2046 457 2096 dicit
485 2053 533 2095 ut
558 2044 766 2094 desinant
797 2045 1014 2094 adversus
1042 2047 1150 2096 alios
1184 2048 1389 2113 gloriari,
1435 2062 1582 2105 certus

0 2163 2 2167 ,
48 2118 150 2178 ''uod
184 2130 334 2176 statim
374 2127 536 2175 necin
561 2127 814 2188 semetipsis
855 2124 1187 2188 gloriabuntur,
1218 2131 1256 2177 si
1292 2134 1586 2184 meminerint

0 2226 5 2267 ε
55 2208 308 2269 ropriorum
333 2204 602 2255 delictorum
618 2240 629 2262 ,
653 2205 841 2269 quibuS,
866 2204 988 2253 velut
1008 2206 1184 2256 sarcina
1205 2211 1406 2270 onerati,
1433 2228 1586 2262 coram

37 2342 39 2346 ,
59 2299 136 2347 *eo
153 2282 382 2345 judicandi
406 2283 748 2346 comparebunt.

101 2354 168 2419 Υ.
203 2358 251 2408 5.
288 2357 606 2422 Unusquisque
639 2358 830 2408 enim...
871 2354 955 2408 Gr.
983 2362 1214 2426 proprium
1235 2377 1349 2411 onus
1377 2365 1589 2428 portabit.

4 2460 6 2466 ¹
66 2455 138 2507 yr.
160 2450 288 2485 suam
312 2437 452 2501 ipsius
470 2436 689 2483 sarcinam
712 2433 944 2497 bajulabit.

514 2579 827 2615 OBSERVATtO
865 2580 1107 2617 MORALts.

54 2700 327 2768 Egregia·
315 2719 362 2752 m
382 2701 454 2751 his
476 2704 674 2769 quinque
693 2703 900 2753 versibus
914 2703 1136 2755 habemus
1153 2703 1411 2774 charitatis,
1437 2711 1598 2764 humi-

11 2846 17 2855 *
54 2781 64 2794 ⁸
84 2782 175 2830 atis
195 2788 241 2830 et
263 2781 682 2843 circumspectionis
710 2780 980 2830 documenta
1005 2782 1118 2832 circa
1138 2782 1324 2835 aliorum
1346 2786 1509 2855 lapsus.

0 2900 1 2904 ,
40 2908 44 2912 χ
110 2854 296 2922 Primo,
316 2857 539 2908 debemus
562 2875 620 2909 ex
640 2858 853 2910 charitate
876 2860 1022 2926 lapsos
1045 2877 1286 2926 excusare,
1311 2866 1350 2917 ti
1363 2876 1422 2917 ut
1445 2875 1488 2919 et
1504 2870 1603 2934 ipse
