<?xml version="1.0" encoding="UTF-8"?>
<!DOCTYPE html PUBLIC "-//W3C//DTD XHTML 1.0 Transitional//EN"
    "http://www.w3.org/TR/xhtml1/DTD/xhtml1-transitional.dtd">
<html xmlns="http://www.w3.org/1999/xhtml" xml:lang="en" lang="en">
 <head>
  <title>
</title>
<meta http-equiv="Content-Type" content="text/html;charset=utf-8" />
  <meta name='ocr-system' content='tesseract 3.04.00' />
  <meta name='ocr-capabilities' content='ocr_page ocr_carea ocr_par ocr_line ocrx_word'/>
</head>
<body>
  <div class='ocr_page' id='page_1' title='image "./epistolaumbpauli03picq_0175.png"; bbox 0 0 1754 3210; ppageno 0'>
   <div class='ocr_carea' id='block_1_1' title="bbox 387 77 1632 148">
    <p class='ocr_par' dir='ltr' id='par_1_1' title="bbox 387 77 1632 148">
     <span class='ocr_line' id='line_1_1' title="bbox 387 77 1632 148; baseline 0 -16"><span class='ocrx_word' id='word_1_1' title='bbox 387 92 630 142; x_wconf 61' lang='lat' dir='ltr'>rmnssx</span> <span class='ocrx_word' id='word_1_2' title='bbox 666 95 951 137; x_wconf 70' lang='lat' dir='ltr'>Exposrrm.</span> <span class='ocrx_word' id='word_1_3' title='bbox 990 79 1106 148; x_wconf 77' lang='lat' dir='ltr'>Cap.</span> <span class='ocrx_word' id='word_1_4' title='bbox 1135 80 1284 133; x_wconf 87' lang='lat' dir='ltr'><em>VIII.</em></span> <span class='ocrx_word' id='word_1_5' title='bbox 1533 77 1632 132; x_wconf 79' lang='lat'>163</span> 
     </span>
    </p>
   </div>
   <div class='ocr_carea' id='block_1_2' title="bbox 50 170 1635 314">
    <p class='ocr_par' dir='ltr' id='par_1_2' title="bbox 50 170 1635 314">
     <span class='ocr_line' id='line_1_2' title="bbox 121 170 1635 236; baseline -0.003 -12"><span class='ocrx_word' id='word_1_6' title='bbox 121 170 342 224; x_wconf 76' lang='lat' dir='ltr'>Misimus</span> <span class='ocrx_word' id='word_1_7' title='bbox 365 176 505 223; x_wconf 86' lang='lat' dir='ltr'>etiam</span> <span class='ocrx_word' id='word_1_8' title='bbox 535 175 620 221; x_wconf 74' lang='lat' dir='ltr'>una</span> <span class='ocrx_word' id='word_1_9' title='bbox 640 189 747 222; x_wconf 83' lang='lat' dir='ltr'>cum</span> <span class='ocrx_word' id='word_1_10' title='bbox 769 172 843 221; x_wconf 89' lang='lat' dir='ltr'>illo</span> <span class='ocrx_word' id='word_1_11' title='bbox 877 171 1062 221; x_wconf 72' lang='lat' dir='ltr'>fratrem</span> <span class='ocrx_word' id='word_1_12' title='bbox 1096 170 1222 220; x_wconf 89' lang='lat' dir='ltr'>illum</span> <span class='ocrx_word' id='word_1_13' title='bbox 1247 173 1324 236; x_wconf 92' lang='lat' dir='ltr'>qui</span> <span class='ocrx_word' id='word_1_14' title='bbox 1352 172 1518 236; x_wconf 89' lang='lat' dir='ltr'>passim</span> <span class='ocrx_word' id='word_1_15' title='bbox 1549 188 1635 235; x_wconf 85' lang='lat' dir='ltr'>per</span> 
     </span>
     <span class='ocr_line' id='line_1_3' title="bbox 50 245 1634 314; baseline -0.001 -15"><span class='ocrx_word' id='word_1_16' title='bbox 50 245 54 247; x_wconf 48' lang='grc'><strong><em>’</em></strong></span> <span class='ocrx_word' id='word_1_17' title='bbox 245 245 474 300; x_wconf 82' lang='lat' dir='ltr'>Ecclesias</span> <span class='ocrx_word' id='word_1_18' title='bbox 509 248 715 298; x_wconf 84' lang='lat' dir='ltr'>laudatur</span> <span class='ocrx_word' id='word_1_19' title='bbox 741 257 787 297; x_wconf 84' lang='lat' dir='ltr'>et</span> <span class='ocrx_word' id='word_1_20' title='bbox 820 249 1078 298; x_wconf 84' lang='lat' dir='ltr'>celebratur</span> <span class='ocrx_word' id='word_1_21' title='bbox 1111 256 1300 314; x_wconf 88' lang='lat' dir='ltr'>propter</span> <span class='ocrx_word' id='word_1_22' title='bbox 1325 245 1634 313; x_wconf 79' lang='lat' dir='ltr'>Evangelium</span> 
     </span>
    </p>
   </div>
   <div class='ocr_carea' id='block_1_3' title="bbox 0 324 803 390">
    <p class='ocr_par' dir='ltr' id='par_1_3' title="bbox 0 324 803 390">
     <span class='ocr_line' id='line_1_4' title="bbox 0 324 803 390; baseline -0.002 -14"><span class='ocrx_word' id='word_1_23' title='bbox 0 334 31 383; x_wconf 64' lang='grc' dir='ltr'>ἐ,</span> <span class='ocrx_word' id='word_1_24' title='bbox 50 328 86 377; x_wconf 62' lang='grc' dir='ltr'><strong>ἐ</strong></span> <span class='ocrx_word' id='word_1_25' title='bbox 104 343 157 377; x_wconf 80' lang='lat' dir='ltr'>se</span> <span class='ocrx_word' id='word_1_26' title='bbox 177 328 395 390; x_wconf 89' lang='lat' dir='ltr'>scriptum</span> <span class='ocrx_word' id='word_1_27' title='bbox 424 333 471 374; x_wconf 88' lang='lat' dir='ltr'>et</span> <span class='ocrx_word' id='word_1_28' title='bbox 495 324 803 389; x_wconf 65' lang='lat' dir='ltr'>praedicatum.</span> 
     </span>
    </p>
   </div>
   <div class='ocr_carea' id='block_1_4' title="bbox 11 390 27 410">
    <p class='ocr_par' dir='ltr' id='par_1_4' title="bbox 11 390 27 410">
     <span class='ocr_line' id='line_1_5' title="bbox 11 390 27 410; baseline 0 -7"><span class='ocrx_word' id='word_1_29' title='bbox 11 390 27 410; x_wconf 54' lang='grc' dir='ltr'>ρ.</span> 
     </span>
    </p>
   </div>
   <div class='ocr_carea' id='block_1_5' title="bbox 10 399 1638 1409">
    <p class='ocr_par' dir='ltr' id='par_1_5' title="bbox 10 399 1635 708">
     <span class='ocr_line' id='line_1_6' title="bbox 122 399 1635 470; baseline 0.002 -15"><span class='ocrx_word' id='word_1_30' title='bbox 122 400 232 455; x_wconf 82' lang='lat' dir='ltr'>Nec</span> <span class='ocrx_word' id='word_1_31' title='bbox 252 403 302 454; x_wconf 87' lang='lat' dir='ltr'>id</span> <span class='ocrx_word' id='word_1_32' title='bbox 333 403 509 463; x_wconf 66' lang='lat' dir='ltr'>solum,</span> <span class='ocrx_word' id='word_1_33' title='bbox 529 402 615 452; x_wconf 77' lang='lat' dir='ltr'>sed</span> <span class='ocrx_word' id='word_1_34' title='bbox 638 410 684 452; x_wconf 84' lang='lat' dir='ltr'>et</span> <span class='ocrx_word' id='word_1_35' title='bbox 712 403 894 467; x_wconf 86' lang='lat' dir='ltr'>publico</span> <span class='ocrx_word' id='word_1_36' title='bbox 918 399 1226 453; x_wconf 88' lang='lat' dir='ltr'>Ecclesiarum</span> <span class='ocrx_word' id='word_1_37' title='bbox 1256 402 1471 470; x_wconf 71' lang='lat' dir='ltr'>suffragio</span> <span class='ocrx_word' id='word_1_38' title='bbox 1494 408 1635 458; x_wconf 85' lang='lat' dir='ltr'>ordi-</span> 
     </span>
     <span class='ocr_line' id='line_1_7' title="bbox 53 483 1633 554; baseline 0.001 -20"><span class='ocrx_word' id='word_1_39' title='bbox 53 493 190 534; x_wconf 77' lang='lat' dir='ltr'>natus</span> <span class='ocrx_word' id='word_1_40' title='bbox 211 493 282 534; x_wconf 85' lang='lat' dir='ltr'>est</span> <span class='ocrx_word' id='word_1_41' title='bbox 305 499 460 533; x_wconf 87' lang='lat' dir='ltr'>comes</span> <span class='ocrx_word' id='word_1_42' title='bbox 485 483 856 547; x_wconf 82' lang='lat' dir='ltr'>peregrinationis</span> <span class='ocrx_word' id='word_1_43' title='bbox 881 492 1078 543; x_wconf 65' lang='lat' dir='ltr'>nostiae,</span> <span class='ocrx_word' id='word_1_44' title='bbox 1103 491 1200 532; x_wconf 89' lang='lat' dir='ltr'>tum</span> <span class='ocrx_word' id='word_1_45' title='bbox 1224 491 1271 532; x_wconf 90' lang='lat' dir='ltr'>ut</span> <span class='ocrx_word' id='word_1_46' title='bbox 1300 502 1480 554; x_wconf 84' lang='lat' dir='ltr'>mecum</span> <span class='ocrx_word' id='word_1_47' title='bbox 1503 504 1633 551; x_wconf 81' lang='lat' dir='ltr'>prae-</span> 
     </span>
     <span class='ocr_line' id='line_1_8' title="bbox 56 563 1634 635; baseline 0.004 -20"><span class='ocrx_word' id='word_1_48' title='bbox 56 566 208 623; x_wconf 58' lang='lat' dir='ltr'>dicen</span> <span class='ocrx_word' id='word_1_49' title='bbox 234 570 332 615; x_wconf 70' lang='lat' dir='ltr'>tum</span> <span class='ocrx_word' id='word_1_50' title='bbox 365 571 415 634; x_wconf 83' lang='lat' dir='ltr'>ut</span> <span class='ocrx_word' id='word_1_51' title='bbox 442 580 636 625; x_wconf 32' lang='lat' dir='ltr'>mecum„</span> <span class='ocrx_word' id='word_1_52' title='bbox 660 563 780 615; x_wconf 88' lang='lat' dir='ltr'>hanc</span> <span class='ocrx_word' id='word_1_53' title='bbox 803 574 1059 615; x_wconf 85' lang='lat' dir='ltr'>vestrarum</span> <span class='ocrx_word' id='word_1_54' title='bbox 1095 565 1491 633; x_wconf 83' lang='lat' dir='ltr'>eleemosynarum</span> <span class='ocrx_word' id='word_1_55' title='bbox 1520 587 1634 635; x_wconf 79' lang='lat' dir='ltr'>gra.-</span> 
     </span>
     <span class='ocr_line' id='line_1_9' title="bbox 10 631 727 708; baseline -0.001 -15"><span class='ocrx_word' id='word_1_56' title='bbox 10 657 30 662; x_wconf 65' lang='lat'><strong><em>‘</em></strong></span> <span class='ocrx_word' id='word_1_57' title='bbox 54 645 168 693; x_wconf 69' lang='lat' dir='ltr'>tiam</span> <span class='ocrx_word' id='word_1_58' title='bbox 189 631 461 708; x_wconf 77' lang='lat' dir='ltr'>pauperibus</span> <span class='ocrx_word' id='word_1_59' title='bbox 485 651 695 706; x_wconf 89' lang='lat' dir='ltr'>procuret</span> <span class='ocrx_word' id='word_1_60' title='bbox 715 662 727 692; x_wconf 73' lang='grc' dir='ltr'>ε</span> 
     </span>
    </p>

    <p class='ocr_par' dir='ltr' id='par_1_6' title="bbox 52 713 1632 924">
     <span class='ocr_line' id='line_1_10' title="bbox 84 713 1632 789; baseline 0.006 -23"><span class='ocrx_word' id='word_1_61' title='bbox 84 773 89 779; x_wconf 47' lang='grc'><em>,</em></span> <span class='ocrx_word' id='word_1_62' title='bbox 114 713 271 780; x_wconf 70' lang='grc' dir='ltr'>Ωιιὸά</span> <span class='ocrx_word' id='word_1_63' title='bbox 294 716 520 775; x_wconf 81' lang='lat' dir='ltr'>charitatis</span> <span class='ocrx_word' id='word_1_64' title='bbox 544 717 746 767; x_wconf 86' lang='lat' dir='ltr'>osticium</span> <span class='ocrx_word' id='word_1_65' title='bbox 764 720 1128 772; x_wconf 67' lang='lat' dir='ltr'>administramus</span> <span class='ocrx_word' id='word_1_66' title='bbox 1146 721 1204 771; x_wconf 89' lang='lat' dir='ltr'>ad</span> <span class='ocrx_word' id='word_1_67' title='bbox 1221 719 1406 774; x_wconf 87' lang='lat' dir='ltr'>Domini</span> <span class='ocrx_word' id='word_1_68' title='bbox 1422 724 1632 789; x_wconf 77' lang='lat' dir='ltr'>gloriam,</span> 
     </span>
     <span class='ocr_line' id='line_1_11' title="bbox 52 792 1632 866; baseline 0.005 -24"><span class='ocrx_word' id='word_1_69' title='bbox 52 796 104 842; x_wconf 73' lang='lat' dir='ltr'>et</span> <span class='ocrx_word' id='word_1_70' title='bbox 125 792 186 844; x_wconf 86' lang='lat' dir='ltr'>ad</span> <span class='ocrx_word' id='word_1_71' title='bbox 219 795 361 843; x_wconf 87' lang='lat' dir='ltr'>animi</span> <span class='ocrx_word' id='word_1_72' title='bbox 387 797 528 843; x_wconf 78' lang='lat' dir='ltr'>nostri</span> <span class='ocrx_word' id='word_1_73' title='bbox 568 795 1006 859; x_wconf 77' lang='lat' dir='ltr'>promptitudinem,</span> <span class='ocrx_word' id='word_1_74' title='bbox 1037 800 1085 847; x_wconf 88' lang='lat' dir='ltr'>in</span> <span class='ocrx_word' id='word_1_75' title='bbox 1120 815 1370 864; x_wconf 87' lang='lat' dir='ltr'>pauperum</span> <span class='ocrx_word' id='word_1_76' title='bbox 1404 802 1632 866; x_wconf 85' lang='lat' dir='ltr'>obsequio</span> 
     </span>
     <span class='ocr_line' id='line_1_12' title="bbox 52 870 390 924; baseline 0.006 -4"><span class='ocrx_word' id='word_1_77' title='bbox 52 870 390 924; x_wconf 76' lang='lat' dir='ltr'>declarandam.</span> 
     </span>
    </p>

    <p class='ocr_par' dir='ltr' id='par_1_7' title="bbox 57 940 1636 1169">
     <span class='ocr_line' id='line_1_13' title="bbox 87 940 1636 1022; baseline 0.007 -23"><span class='ocrx_word' id='word_1_78' title='bbox 87 958 89 961; x_wconf 85' lang='lat'>&#39;</span> <span class='ocrx_word' id='word_1_79' title='bbox 124 940 270 1001; x_wconf 74' lang='lat' dir='ltr'>Tales</span> <span class='ocrx_word' id='word_1_80' title='bbox 290 955 348 1002; x_wconf 77' lang='lat' dir='ltr'>ac</span> <span class='ocrx_word' id='word_1_81' title='bbox 373 957 531 1004; x_wconf 73' lang='lat' dir='ltr'>tantos</span> <span class='ocrx_word' id='word_1_82' title='bbox 546 953 668 1001; x_wconf 86' lang='lat' dir='ltr'>viros</span> <span class='ocrx_word' id='word_1_83' title='bbox 693 953 898 1001; x_wconf 83' lang='lat' dir='ltr'>misimus</span> <span class='ocrx_word' id='word_1_84' title='bbox 933 954 990 1001; x_wconf 86' lang='lat' dir='ltr'>ad</span> <span class='ocrx_word' id='word_1_85' title='bbox 1018 972 1102 1004; x_wconf 86' lang='lat' dir='ltr'>vos</span> <span class='ocrx_word' id='word_1_86' title='bbox 1121 994 1134 1016; x_wconf 85' lang='lat'>‚</span> <span class='ocrx_word' id='word_1_87' title='bbox 1165 973 1224 1005; x_wconf 90' lang='lat' dir='ltr'>ne</span> <span class='ocrx_word' id='word_1_88' title='bbox 1252 959 1351 1020; x_wconf 88' lang='lat' dir='ltr'>quis</span> <span class='ocrx_word' id='word_1_89' title='bbox 1376 962 1636 1022; x_wconf 84' lang='lat' dir='ltr'>suspicetur</span> 
     </span>
     <span class='ocr_line' id='line_1_14' title="bbox 58 1024 1635 1097; baseline 0.006 -22"><span class='ocrx_word' id='word_1_90' title='bbox 58 1042 146 1076; x_wconf 87' lang='lat' dir='ltr'>nos</span> <span class='ocrx_word' id='word_1_91' title='bbox 171 1027 417 1092; x_wconf 81' lang='lat' dir='ltr'>quidquam</span> <span class='ocrx_word' id='word_1_92' title='bbox 443 1024 501 1076; x_wconf 85' lang='lat' dir='ltr'>ex</span> <span class='ocrx_word' id='word_1_93' title='bbox 525 1027 611 1076; x_wconf 85' lang='lat' dir='ltr'>hac</span> <span class='ocrx_word' id='word_1_94' title='bbox 645 1031 938 1091; x_wconf 81' lang='lat' dir='ltr'>pecuniarum</span> <span class='ocrx_word' id='word_1_95' title='bbox 966 1033 1125 1094; x_wconf 87' lang='lat' dir='ltr'>copia,</span> <span class='ocrx_word' id='word_1_96' title='bbox 1157 1049 1267 1096; x_wconf 88' lang='lat' dir='ltr'>quas</span> <span class='ocrx_word' id='word_1_97' title='bbox 1306 1033 1558 1097; x_wconf 84' lang='lat' dir='ltr'>colligimus</span> <span class='ocrx_word' id='word_1_98' title='bbox 1585 1043 1635 1085; x_wconf 86' lang='lat' dir='ltr'>et:</span> 
     </span>
     <span class='ocr_line' id='line_1_15' title="bbox 57 1102 1036 1169; baseline 0.002 -17"><span class='ocrx_word' id='word_1_99' title='bbox 57 1102 354 1169; x_wconf 77' lang='lat' dir='ltr'>perserin1u8‚</span> <span class='ocrx_word' id='word_1_100' title='bbox 381 1103 428 1162; x_wconf 84' lang='lat' dir='ltr'>in</span> <span class='ocrx_word' id='word_1_101' title='bbox 453 1119 558 1168; x_wconf 85' lang='lat' dir='ltr'>usus</span> <span class='ocrx_word' id='word_1_102' title='bbox 580 1112 760 1153; x_wconf 85' lang='lat' dir='ltr'>nostros</span> <span class='ocrx_word' id='word_1_103' title='bbox 781 1104 1036 1168; x_wconf 78' lang='lat' dir='ltr'>sublegere.</span> 
     </span>
    </p>

    <p class='ocr_par' dir='ltr' id='par_1_8' title="bbox 19 1177 1638 1409">
     <span class='ocr_line' id='line_1_16' title="bbox 111 1177 1635 1251; baseline 0.005 -20"><span class='ocrx_word' id='word_1_104' title='bbox 111 1177 318 1231; x_wconf 61' lang='lat' dir='ltr'>‘Etenim</span> <span class='ocrx_word' id='word_1_105' title='bbox 335 1180 537 1231; x_wconf 75' lang='lat' dir='ltr'>&#39;Sollicite</span> <span class='ocrx_word' id='word_1_106' title='bbox 563 1199 768 1234; x_wconf 85' lang='lat' dir='ltr'>curamus</span> <span class='ocrx_word' id='word_1_107' title='bbox 797 1186 918 1233; x_wconf 91' lang='lat' dir='ltr'>bona</span> <span class='ocrx_word' id='word_1_108' title='bbox 945 1187 1151 1251; x_wconf 86' lang='lat' dir='ltr'>operari,</span> <span class='ocrx_word' id='word_1_109' title='bbox 1180 1203 1276 1236; x_wconf 90' lang='lat' dir='ltr'>non</span> <span class='ocrx_word' id='word_1_110' title='bbox 1300 1186 1449 1236; x_wconf 77' lang='lat' dir='ltr'>solum</span> <span class='ocrx_word' id='word_1_111' title='bbox 1480 1206 1635 1238; x_wconf 87' lang='lat' dir='ltr'>coram</span> 
     </span>
     <span class='ocr_line' id='line_1_17' title="bbox 19 1253 1422 1324; baseline 0.006 -17"><span class='ocrx_word' id='word_1_112' title='bbox 19 1311 21 1314; x_wconf 65' lang='grc'><strong>,</strong></span> <span class='ocrx_word' id='word_1_113' title='bbox 54 1253 202 1319; x_wconf 82' lang='lat' dir='ltr'>Deo,</span> <span class='ocrx_word' id='word_1_114' title='bbox 226 1257 659 1324; x_wconf 54' lang='lat' dir='ltr'>cordis&#39;inspectore</span> <span class='ocrx_word' id='word_1_115' title='bbox 676 1278 700 1322; x_wconf 82' lang='lat'>‚·</span> <span class='ocrx_word' id='word_1_116' title='bbox 1419 1314 1422 1316; x_wconf 84' lang='lat'>.</span> 
     </span>
     <span class='ocr_line' id='line_1_18' title="bbox 69 1335 1638 1409; baseline 0.004 -21"><span class='ocrx_word' id='word_1_117' title='bbox 69 1337 72 1339; x_wconf 59' lang='grc'><strong>’</strong></span> <span class='ocrx_word' id='word_1_118' title='bbox 122 1335 222 1388; x_wconf 80' lang='lat' dir='ltr'>Sed</span> <span class='ocrx_word' id='word_1_119' title='bbox 246 1339 380 1388; x_wconf 86' lang='lat' dir='ltr'>etiam</span> <span class='ocrx_word' id='word_1_120' title='bbox 406 1355 558 1388; x_wconf 88' lang='lat' dir='ltr'>coram</span> <span class='ocrx_word' id='word_1_121' title='bbox 588 1339 883 1402; x_wconf 83' lang='lat' dir='ltr'>hominibus,</span> <span class='ocrx_word' id='word_1_122' title='bbox 917 1346 1148 1392; x_wconf 76' lang='lat' dir='ltr'>exteriora</span> <span class='ocrx_word' id='word_1_123' title='bbox 1171 1347 1346 1392; x_wconf 72' lang='lat' dir='ltr'>tantum</span> <span class='ocrx_word' id='word_1_124' title='bbox 1379 1347 1638 1409; x_wconf 87' lang='lat' dir='ltr'>spectanti-</span> 
     </span>
    </p>
   </div>
   <div class='ocr_carea' id='block_1_6' title="bbox 1 1414 1397 1479">
    <p class='ocr_par' dir='ltr' id='par_1_9' title="bbox 1 1414 1397 1479">
     <span class='ocr_line' id='line_1_19' title="bbox 1 1414 1397 1479; baseline 0.004 -17"><span class='ocrx_word' id='word_1_125' title='bbox 1 1468 5 1474; x_wconf 27' lang='lat'><strong>⁴</strong></span> <span class='ocrx_word' id='word_1_126' title='bbox 58 1414 173 1479; x_wconf 78' lang='lat' dir='ltr'>bus²</span> <span class='ocrx_word' id='word_1_127' title='bbox 209 1421 255 1462; x_wconf 81' lang='lat' dir='ltr'>et</span> <span class='ocrx_word' id='word_1_128' title='bbox 285 1414 574 1463; x_wconf 88' lang='lat' dir='ltr'>omnimodo</span> <span class='ocrx_word' id='word_1_129' title='bbox 600 1432 806 1475; x_wconf 85' lang='lat' dir='ltr'>curamus</span> <span class='ocrx_word' id='word_1_130' title='bbox 832 1434 891 1465; x_wconf 89' lang='lat' dir='ltr'>ne</span> <span class='ocrx_word' id='word_1_131' title='bbox 918 1435 995 1467; x_wconf 89' lang='lat' dir='ltr'>eos</span> <span class='ocrx_word' id='word_1_132' title='bbox 1022 1419 1397 1468; x_wconf 79' lang='lat' dir='ltr'>scandalizemus,</span> 
     </span>
    </p>
   </div>
   <div class='ocr_carea' id='block_1_7' title="bbox 56 1485 1638 1557">
    <p class='ocr_par' dir='ltr' id='par_1_10' title="bbox 56 1485 1638 1557">
     <span class='ocr_line' id='line_1_20' title="bbox 56 1485 1638 1557; baseline 0.005 -19"><span class='ocrx_word' id='word_1_133' title='bbox 56 1523 60 1526; x_wconf 89' lang='lat'><em>-</em></span> <span class='ocrx_word' id='word_1_134' title='bbox 123 1485 250 1539; x_wconf 73' lang='lat' dir='ltr'>Cum</span> <span class='ocrx_word' id='word_1_135' title='bbox 291 1496 444 1540; x_wconf 85' lang='lat' dir='ltr'>autem</span> <span class='ocrx_word' id='word_1_136' title='bbox 480 1492 658 1541; x_wconf 89' lang='lat' dir='ltr'>duobus</span> <span class='ocrx_word' id='word_1_137' title='bbox 693 1496 802 1542; x_wconf 84' lang='lat' dir='ltr'>viris</span> <span class='ocrx_word' id='word_1_138' title='bbox 836 1495 971 1543; x_wconf 82' lang='lat' dir='ltr'>vobis</span> <span class='ocrx_word' id='word_1_139' title='bbox 1010 1497 1386 1557; x_wconf 68' lang='lat' dir='ltr'>spectatissimis,</span> <span class='ocrx_word' id='word_1_140' title='bbox 1424 1497 1638 1546; x_wconf 85' lang='lat' dir='ltr'>misimus</span> 
     </span>
    </p>
   </div>
   <div class='ocr_carea' id='block_1_8' title="bbox 58 1564 1640 1639">
    <p class='ocr_par' dir='ltr' id='par_1_11' title="bbox 7 1564 1640 1639">
     <span class='ocr_line' id='line_1_21' title="bbox 58 1564 1640 1639; baseline 0.003 -26.844"><span class='ocrx_word' id='word_1_141' title='bbox 58 1564 196 1639; x_wconf 82' lang='lat' dir='ltr'>alium</span> <span class='ocrx_word' id='word_1_142' title='bbox 231 1564 414 1615; x_wconf 87' lang='lat' dir='ltr'>fratrem</span> <span class='ocrx_word' id='word_1_143' title='bbox 439 1568 643 1617; x_wconf 87' lang='lat' dir='ltr'>nostrum</span> <span class='ocrx_word' id='word_1_144' title='bbox 661 1605 673 1629; x_wconf 87' lang='lat'><strong><em>,</em></strong></span> <span class='ocrx_word' id='word_1_145' title='bbox 702 1587 836 1635; x_wconf 83' lang='lat' dir='ltr'>quem</span> <span class='ocrx_word' id='word_1_146' title='bbox 867 1572 912 1618; x_wconf 91' lang='lat' dir='ltr'>in</span> <span class='ocrx_word' id='word_1_147' title='bbox 934 1570 1085 1619; x_wconf 88' lang='lat' dir='ltr'>multis</span> <span class='ocrx_word' id='word_1_148' title='bbox 1107 1579 1153 1618; x_wconf 91' lang='lat' dir='ltr'>et</span> <span class='ocrx_word' id='word_1_149' title='bbox 1180 1585 1501 1634; x_wconf 75' lang='lat' dir='ltr'>saepenumero</span> <span class='ocrx_word' id='word_1_150' title='bbox 1523 1564 1640 1623; x_wconf 72' lang='lat' dir='ltr'>diti-</span> 
     </span>
    </p>
   </div>
   <div class='ocr_carea' id='block_1_9' title="bbox 57 1643 1639 2022">
    <p class='ocr_par' dir='ltr' id='par_1_12' title="bbox 57 1643 1639 1864">
     <span class='ocr_line' id='line_1_22' title="bbox 57 1643 1639 1712; baseline 0.003 -20"><span class='ocrx_word' id='word_1_151' title='bbox 57 1650 250 1707; x_wconf 73' lang='lat' dir='ltr'>gentem</span> <span class='ocrx_word' id='word_1_152' title='bbox 268 1651 315 1693; x_wconf 87' lang='lat' dir='ltr'>et</span> <span class='ocrx_word' id='word_1_153' title='bbox 337 1643 544 1694; x_wconf 81' lang='lat' dir='ltr'>sedulum</span> <span class='ocrx_word' id='word_1_154' title='bbox 573 1655 786 1712; x_wconf 82' lang='lat' dir='ltr'>expertus</span> <span class='ocrx_word' id='word_1_155' title='bbox 810 1664 943 1703; x_wconf 84' lang='lat' dir='ltr'>surn;</span> <span class='ocrx_word' id='word_1_156' title='bbox 973 1647 1056 1695; x_wconf 91' lang='lat' dir='ltr'>sed</span> <span class='ocrx_word' id='word_1_157' title='bbox 1095 1664 1231 1712; x_wconf 88' lang='lat' dir='ltr'>quem</span> <span class='ocrx_word' id='word_1_158' title='bbox 1254 1650 1300 1694; x_wconf 90' lang='lat' dir='ltr'>in</span> <span class='ocrx_word' id='word_1_159' title='bbox 1322 1646 1414 1694; x_wconf 89' lang='lat' dir='ltr'>hoc</span> <span class='ocrx_word' id='word_1_160' title='bbox 1446 1650 1639 1711; x_wconf 82' lang='lat' dir='ltr'>negotio</span> 
     </span>
     <span class='ocr_line' id='line_1_23' title="bbox 59 1721 1638 1790; baseline 0.002 -19"><span class='ocrx_word' id='word_1_161' title='bbox 59 1721 398 1790; x_wconf 67' lang='lat' dir='ltr'>diligentiorem</span> <span class='ocrx_word' id='word_1_162' title='bbox 415 1723 614 1773; x_wconf 83' lang='lat' dir='ltr'>futurum</span> <span class='ocrx_word' id='word_1_163' title='bbox 637 1726 820 1774; x_wconf 83' lang='lat' dir='ltr'>confido</span> <span class='ocrx_word' id='word_1_164' title='bbox 839 1762 852 1787; x_wconf 88' lang='lat'>‚</span> <span class='ocrx_word' id='word_1_165' title='bbox 880 1726 941 1774; x_wconf 90' lang='lat' dir='ltr'>ob</span> <span class='ocrx_word' id='word_1_166' title='bbox 964 1725 1150 1774; x_wconf 85' lang='lat' dir='ltr'>multam</span> <span class='ocrx_word' id='word_1_167' title='bbox 1170 1725 1311 1774; x_wconf 85' lang='lat' dir='ltr'>fidem</span> <span class='ocrx_word' id='word_1_168' title='bbox 1331 1732 1376 1776; x_wconf 82' lang='lat' dir='ltr'>et</span> <span class='ocrx_word' id='word_1_169' title='bbox 1397 1728 1638 1775; x_wconf 81' lang='lat' dir='ltr'>existima-</span> 
     </span>
     <span class='ocr_line' id='line_1_24' title="bbox 57 1788 608 1864; baseline 0.005 -17"><span class='ocrx_word' id='word_1_170' title='bbox 57 1788 353 1864; x_wconf 76' lang='lat' dir='ltr'>tionem-ejus</span> <span class='ocrx_word' id='word_1_171' title='bbox 376 1802 436 1852; x_wconf 86' lang='lat' dir='ltr'>de</span> <span class='ocrx_word' id='word_1_172' title='bbox 457 1803 608 1851; x_wconf 91' lang='lat' dir='ltr'>vobis.</span> 
     </span>
    </p>

    <p class='ocr_par' dir='ltr' id='par_1_13' title="bbox 60 1874 1639 2022">
     <span class='ocr_line' id='line_1_25' title="bbox 128 1874 1639 1946; baseline 0.003 -19"><span class='ocrx_word' id='word_1_173' title='bbox 128 1874 243 1928; x_wconf 85' lang='lat' dir='ltr'>Sive</span> <span class='ocrx_word' id='word_1_174' title='bbox 269 1897 378 1944; x_wconf 82' lang='lat' dir='ltr'>ergo</span> <span class='ocrx_word' id='word_1_175' title='bbox 400 1889 584 1945; x_wconf 86' lang='lat' dir='ltr'>propter</span> <span class='ocrx_word' id='word_1_176' title='bbox 603 1874 771 1930; x_wconf 85' lang='lat' dir='ltr'>Titum</span> <span class='ocrx_word' id='word_1_177' title='bbox 790 1917 804 1943; x_wconf 85' lang='lat'>‚</span> <span class='ocrx_word' id='word_1_178' title='bbox 826 1884 901 1944; x_wconf 85' lang='lat' dir='ltr'>qui</span> <span class='ocrx_word' id='word_1_179' title='bbox 918 1897 1046 1930; x_wconf 90' lang='lat' dir='ltr'>meus</span> <span class='ocrx_word' id='word_1_180' title='bbox 1066 1881 1234 1943; x_wconf 83' lang='lat' dir='ltr'>collega</span> <span class='ocrx_word' id='word_1_181' title='bbox 1256 1889 1326 1930; x_wconf 84' lang='lat' dir='ltr'>est</span> <span class='ocrx_word' id='word_1_182' title='bbox 1346 1889 1391 1930; x_wconf 87' lang='lat' dir='ltr'>et</span> <span class='ocrx_word' id='word_1_183' title='bbox 1410 1883 1639 1946; x_wconf 77' lang='lat' dir='ltr'>particeps</span> 
     </span>
     <span class='ocr_line' id='line_1_26' title="bbox 60 1954 1636 2022; baseline 0.001 -18"><span class='ocrx_word' id='word_1_184' title='bbox 60 1954 267 2004; x_wconf 77' lang='lat' dir='ltr'>laborum</span> <span class='ocrx_word' id='word_1_185' title='bbox 287 1969 441 2022; x_wconf 86' lang='lat' dir='ltr'>,quos</span> <span class='ocrx_word' id='word_1_186' title='bbox 471 1957 608 2005; x_wconf 73' lang='lat' dir='ltr'>vestri</span> <span class='ocrx_word' id='word_1_187' title='bbox 632 1958 763 2005; x_wconf 81' lang='lat' dir='ltr'>causa</span> <span class='ocrx_word' id='word_1_188' title='bbox 785 1960 1013 2022; x_wconf 79' lang='lat' dir='ltr'>suscipi03</span> <span class='ocrx_word' id='word_1_189' title='bbox 1039 1961 1136 2007; x_wconf 87' lang='lat' dir='ltr'>sive</span> <span class='ocrx_word' id='word_1_190' title='bbox 1166 1958 1226 2004; x_wconf 89' lang='lat' dir='ltr'>ob</span> <span class='ocrx_word' id='word_1_191' title='bbox 1263 1957 1372 2005; x_wconf 91' lang='lat' dir='ltr'>alios</span> <span class='ocrx_word' id='word_1_192' title='bbox 1396 1958 1511 2006; x_wconf 90' lang='lat' dir='ltr'>duos</span> <span class='ocrx_word' id='word_1_193' title='bbox 1535 1957 1636 2006; x_wconf 86' lang='lat' dir='ltr'>sra-</span> 
     </span>
    </p>
   </div>
   <div class='ocr_carea' id='block_1_10' title="bbox 60 2021 1642 2252">
    <p class='ocr_par' dir='ltr' id='par_1_14' title="bbox 60 2021 1642 2252">
     <span class='ocr_line' id='line_1_27' title="bbox 60 2021 1642 2100; baseline 0.002 -18"><span class='ocrx_word' id='word_1_194' title='bbox 60 2041 156 2083; x_wconf 58' lang='lat' dir='ltr'>tues</span> <span class='ocrx_word' id='word_1_195' title='bbox 176 2021 384 2094; x_wconf 71' lang='lat' dir='ltr'>nostros,</span> <span class='ocrx_word' id='word_1_196' title='bbox 417 2036 492 2099; x_wconf 86' lang='lat' dir='ltr'>qui</span> <span class='ocrx_word' id='word_1_197' title='bbox 515 2035 574 2082; x_wconf 89' lang='lat' dir='ltr'>ab</span> <span class='ocrx_word' id='word_1_198' title='bbox 603 2031 819 2084; x_wconf 88' lang='lat' dir='ltr'>Ecclesiis</span> <span class='ocrx_word' id='word_1_199' title='bbox 843 2037 1035 2097; x_wconf 86' lang='lat' dir='ltr'>delecti,</span> <span class='ocrx_word' id='word_1_200' title='bbox 1058 2045 1104 2085; x_wconf 86' lang='lat' dir='ltr'>et</span> <span class='ocrx_word' id='word_1_201' title='bbox 1123 2037 1248 2084; x_wconf 80' lang='lat' dir='ltr'>missi</span> <span class='ocrx_word' id='word_1_202' title='bbox 1269 2044 1399 2099; x_wconf 85' lang='lat' dir='ltr'>sunt,</span> <span class='ocrx_word' id='word_1_203' title='bbox 1423 2045 1470 2085; x_wconf 88' lang='lat' dir='ltr'>et</span> <span class='ocrx_word' id='word_1_204' title='bbox 1497 2036 1642 2100; x_wconf 83' lang='lat' dir='ltr'>gloria</span> 
     </span>
     <span class='ocr_line' id='line_1_28' title="bbox 60 2106 1115 2193; baseline 0 -33"><span class='ocrx_word' id='word_1_205' title='bbox 60 2106 233 2193; x_wconf 76' lang='lat' dir='ltr'>Christi</span> <span class='ocrx_word' id='word_1_206' title='bbox 267 2110 357 2159; x_wconf 87' lang='lat' dir='ltr'>dici</span> <span class='ocrx_word' id='word_1_207' title='bbox 378 2119 588 2175; x_wconf 86' lang='lat' dir='ltr'>possunt.</span> <span class='ocrx_word' id='word_1_208' title='bbox 1093 2148 1115 2154; x_wconf 54' lang='grc'>,-</span> 
     </span>
     <span class='ocr_line' id='line_1_29' title="bbox 94 2159 1639 2252; baseline 0.002 -19.07"><span class='ocrx_word' id='word_1_209' title='bbox 94 2180 403 2236; x_wconf 45' lang='lat' dir='ltr'>mouendae</span> <span class='ocrx_word' id='word_1_210' title='bbox 423 2196 591 2252; x_wconf 83' lang='lat' dir='ltr'>quanta</span> <span class='ocrx_word' id='word_1_211' title='bbox 619 2188 676 2235; x_wconf 87' lang='lat' dir='ltr'>sit</span> <span class='ocrx_word' id='word_1_212' title='bbox 699 2195 848 2236; x_wconf 85' lang='lat' dir='ltr'>vestra</span> <span class='ocrx_word' id='word_1_213' title='bbox 883 2187 1103 2250; x_wconf 83' lang='lat' dir='ltr'>charitas,</span> <span class='ocrx_word' id='word_1_214' title='bbox 1129 2194 1177 2235; x_wconf 90' lang='lat' dir='ltr'>et</span> <span class='ocrx_word' id='word_1_215' title='bbox 1207 2159 1343 2251; x_wconf 75' lang='lat' dir='ltr'>quam</span> <span class='ocrx_word' id='word_1_216' title='bbox 1374 2188 1540 2236; x_wconf 73' lang='lat' dir='ltr'>merito</span> <span class='ocrx_word' id='word_1_217' title='bbox 1574 2187 1639 2236; x_wconf 84' lang='lat' dir='ltr'>de</span> 
     </span>
    </p>
   </div>
   <div class='ocr_carea' id='block_1_11' title="bbox 0 2241 1635 2408">
    <p class='ocr_par' dir='ltr' id='par_1_15' title="bbox 0 2241 1635 2408">
     <span class='ocr_line' id='line_1_30' title="bbox 0 2241 1635 2330; baseline 0.003 -22"><span class='ocrx_word' id='word_1_218' title='bbox 0 2241 2 2289; x_wconf 39' lang='grc' dir='ltr'>ἶ</span> <span class='ocrx_word' id='word_1_219' title='bbox 60 2263 201 2311; x_wconf 77' lang='lat' dir='ltr'>vobis</span> <span class='ocrx_word' id='word_1_220' title='bbox 235 2264 358 2328; x_wconf 90' lang='lat' dir='ltr'>apud</span> <span class='ocrx_word' id='word_1_221' title='bbox 381 2264 488 2321; x_wconf 73' lang='lat' dir='ltr'>alios</span> <span class='ocrx_word' id='word_1_222' title='bbox 513 2265 716 2330; x_wconf 82' lang='lat' dir='ltr'>glorior·</span> <span class='ocrx_word' id='word_1_223' title='bbox 739 2266 787 2314; x_wconf 88' lang='lat' dir='ltr'>id</span> <span class='ocrx_word' id='word_1_224' title='bbox 820 2274 971 2315; x_wconf 79' lang='lat' dir='ltr'>autem</span> <span class='ocrx_word' id='word_1_225' title='bbox 997 2267 1157 2314; x_wconf 86' lang='lat' dir='ltr'>talibus</span> <span class='ocrx_word' id='word_1_226' title='bbox 1189 2267 1304 2315; x_wconf 77' lang='lat' dir='ltr'>vitis</span> <span class='ocrx_word' id='word_1_227' title='bbox 1325 2264 1635 2326; x_wconf 70' lang='lat' dir='ltr'>exhibentes,</span> 
     </span>
     <span class='ocr_line' id='line_1_31' title="bbox 0 2338 1184 2408; baseline 0.002 -18"><span class='ocrx_word' id='word_1_228' title='bbox 0 2369 1 2373; x_wconf 64' lang='lat'><em>=</em></span> <span class='ocrx_word' id='word_1_229' title='bbox 62 2338 349 2395; x_wconf 54' lang='lat' dir='ltr'>eilia-etesiis</span> <span class='ocrx_word' id='word_1_230' title='bbox 371 2346 583 2408; x_wconf 66' lang='lat' dir='ltr'>aquibus</span> <span class='ocrx_word' id='word_1_231' title='bbox 611 2345 737 2395; x_wconf 85' lang='lat' dir='ltr'>missi</span> <span class='ocrx_word' id='word_1_232' title='bbox 754 2353 886 2406; x_wconf 77' lang='lat' dir='ltr'>sunt,</span> <span class='ocrx_word' id='word_1_233' title='bbox 916 2346 1184 2397; x_wconf 78' lang='lat' dir='ltr'>ostendetis·</span> 
     </span>
    </p>
   </div>
  </div>
 </body>
</html>
