1754 3210
191 129 288 183 158
490 143 741 183 sncunnsss
763 144 1025 189 ems-roma
1049 145 1121 184 An
1144 121 1466 188 eomnrmos
1487 186 1498 206 ζ

607 412 891 471 CAPUT
929 413 1344 474 OCTAVUM.

883 586 929 635 T
922 596 1079 640 extus-

400 661 575 685 W

193 723 516 836 1.N01AM
535 789 715 834 autem
728 778 956 836 facimus
973 778 1145 848 vobiS,
1161 779 1368 855 fratres,
1389 786 1616 858 gratiam
1633 782 1754 859 Det,

187 892 305 941 quae
327 861 450 926 data
474 883 552 928 est
577 871 635 927 in
658 868 914 928 Ecclesiis
937 867 1266 927 Macedoniae
1301 892 1315 925 t

257 981 305 1011 2·
336 957 543 1032 Quod
528 980 585 1014 m
605 958 773 1015 multo
797 955 1162 1027 experimento
1182 947 1565 1031 tribulationis,
1586 928 1754 1019 abun-

186 1043 371 1100 dantia
399 1043 616 1116 gaudii
600 1064 836 1114 ipsorum
861 1040 985 1106 suit3
1009 1055 1059 1097 et
1077 1041 1333 1100 altissima
1357 1058 1651 1116 paupertas
1671 1042 1754 1105 eoss

177 1154 305 1188 mm
341 1131 656 1189 abundavit
642 1153 698 1188 m
723 1130 932 1188 divitias
955 1130 1308 1201 simplicitatis
1335 1154 1567 1192 eorum:
1619 1138 1628 1145 ’

252 1410 302 1462 3.
329 1404 477 1480 Quia
515 1403 807 1460 secundum
830 1399 1080 1456 virtutem
1116 1394 1481 1461 testimonium
1504 1404 1610 1463 illis
1638 1406 1754 1465 red·

183 1492 274 1562 do,
299 1507 351 1547 et
373 1510 537 1561 supra
564 1491 815 1546 virtutem
840 1487 1127 1545 voluntarii
1157 1488 1390 1557 suerunt.

251 1643 300 1709 4.
326 1639 468 1706 Cum
490 1637 659 1694 multa
677 1636 1043 1694 exhortatione
1066 1637 1405 1695 obsecrantes
1422 1660 1517 1695 nos
1532 1639 1754 1712 gratiam

181 1739 233 1784 et
258 1725 806 1782 communicationem
831 1724 1143 1796 ministerii,
1164 1727 1308 1796 quod
1338 1729 1399 1783 fit
1425 1728 1484 1782 in
1525 1741 1754 1788 sanctos.

251 1821 300 1872 5.
322 1814 391 1870 Et
411 1835 523 1871 non
552 1815 688 1871 sicut
710 1815 1072 1885 speravimuS‚
1095 1815 1191 1871 sed
1232 1815 1545 1886 semetipsos
1579 1817 1754 1874 dede·

178 1897 305 1960 runt
327 1903 564 1974 primum
590 1903 836 1959 Domino
857 1947 872 1973 ,
898 1903 1089 1960 deinde
1115 1902 1270 1961 nobis
1307 1925 1402 1976 per
1426 1903 1754 1966 voluntatem

183 1992 294 2050 Dei.

248 2086 296 2139 6.
324 2082 408 2137 Ita
431 2093 489 2137 ut
510 2102 821 2154 rogaremus
846 2080 1054 2149 Titum,
1077 2093 1136 2136 ut
1161 2080 1618 2150 quemadmodum
1640 2076 1754 2140 coe·

177 2170 278 2242 pit,
306 2170 381 2226 ita
406 2182 456 2226 et
482 2169 724 2241 perficiat
747 2167 802 2224 in
830 2167 981 2225 vobis
1019 2169 1180 2226 etiam
1203 2170 1427 2243 gratiam
1448 2170 1625 2231 istam.

248 2366 295 2416 7.
314 2343 416 2399 Sed
438 2341 576 2399 sicut
601 2341 656 2396 in
677 2340 927 2397 omnibus
946 2339 1227 2399 abundatis
1258 2342 1375 2411 fide,
1399 2355 1451 2399 et
1470 2364 1754 2412 sermone,-

174 2445 226 2490 et
246 2432 490 2500 scientia,
514 2443 566 2488 ct
588 2430 735 2488 omni
762 2429 1119 2488 sollicitudine
1134 2474 1146 2497 ‚
1178 2432 1400 2502 insuper
1420 2444 1474 2490 et
1494 2431 1752 2490 charitate

174 2524 349 2580 vestra
367 2521 424 2576 in
444 2541 562 2591 nos,
592 2532 650 2576 ut
669 2532 718 2576 et
737 2520 792 2576 in
821 2518 920 2576 hac
945 2521 1112 2593 gratia
1139 2520 1438 2579 abundetis.

244 2679 293 2731 8.
319 2673 447 2731 Non
472 2672 624 2743 quasi
644 2672 915 2743 imperans
932 2673 1048 2731 dico
1080 2676 1204 2732 :sed
1227 2698 1322 2746 per
1337 2674 1565 2732 aliorum
1585 2673 1746 2731 solli-

173 2761 463 2819 citudinem
490 2803 505 2830 ‚
533 2760 694 2817 etiam
721 2773 906 2819 vestrae
929 2760 1195 2819 charitatis
1221 2761 1499 2836 ingenium
1534 2761 1744 2820 bonum

172 2852 550 2922 comprobans·

239 2961 291 3014 9.
315 2935 470 2994 Scitis
493 2936 636 2994 enim
660 2937 883 3010 gratiam
917 2937 1137 2997 Domini
1172 2937 1342 2997 nostri
1381 2938 1512 2996 Jesu
1530 2937 1740 3007 Christi,
