1690 3230
382 111 629 150 smum(
663 112 954 163 Exn-oswio.
987 98 1104 164 Cap.
1137 100 1183 152 Ι.
1550 98 1583 149 5

890 252 1108 259 ---·-——--—
1112 253 1191 260 ..-ο-
1195 254 1231 260 ρ...
1235 253 1258 261 0⁷

469 318 738 412 CAPUT
774 317 1125 413 nmmum.

623 515 960 581 Pur-aphmsis.

15 644 283 776 PAunus
299 739 312 764 ,
339 720 420 770 per
436 699 528 753 Dei
552 702 834 754 voluntatem
853 740 866 764 ‚
900 699 1154 770 Apostolus
1177 701 1292 754 Jesu
1313 687 1481 755 Christi
1497 711 1584 767 ‚et

13 783 319 846 Timotheus,
344 793 439 835 tum
463 803 544 850 per
566 785 732 845 fidem,
760 794 859 835 turn
880 794 1066 852 propter
1096 787 1363 852 dignitatem
1384 826 1396 848 ,
1414 783 1583 837 frater:

15 862 238 917 Ecclesiae
250 863 359 926 Dei,
382 883 481 930 quae
498 873 566 914 est
583 858 818 925 Corinthi,
841 874 885 914 et
901 867 1114 916 omnibus
1131 868 1295 918 sanctis
1310 868 1388 934 qui
1400 862 1584 917 Christo

15 946 222 995 serviunt
243 945 290 993 in
310 944 519 992 universa
535 937 713 991 Achaia
728 976 747 1001 ,
775 940 966 991 salutem
988 942 1160 997 dicunt.

56 1113 59 1115 ,
84 1057 240 1111 Gratia
255 1068 301 1110 et
319 1077 408 1126 pax
423 1060 560 1109 vobis
577 1059 707 1110 detur
721 1094 735 1121 ,
760 1068 803 1109 et
821 1048 1139 1126 multiplicetur
1152 1063 1178 1109 a
1198 1057 1304 1111 Deo
1320 1058 1456 1110 Patre
1472 1077 1597 1112 nos--

11 1144 86 1188 tro
108 1145 155 1187 et
177 1139 203 1186 a
224 1134 431 1189 Domino
454 1144 611 1186 nostro
634 1134 750 1186 Jesu
776 1132 975 1186 Christo.

85 1233 393 1301 Benedicatur
431 1253 485 1285 ac
510 1235 716 1286 laudetur
740 1232 901 1299 Deus,
932 1237 1007 1300 qui
1037 1241 1082 1285 et.
1118 1231 1259 1285 Pater
1289 1243 1357 1285 est
1393 1232 1585 1285 Domini

17 1317 161 1368 nostri
183 1310 301 1366 Jesu
320 1311 527 1377 Christi,
552 1324 597 1365 et
618 1315 727 1365 ideo
751 1317 797 1364 in
819 1332 906 1364 nos
928 1311 1069 1364 Pater
1087 1318 1265 1364 summe
1290 1310 1582 1378 misericors,

19 1391 65 1444 et
102 1389 233 1444 Deus
262 1396 413 1444 omnis
451 1408 575 1444 verae
609 1401 745 1460 atque
785 1391 1004 1459 perfectae
1042 1392 1366 1442 consolationis
1394 1392 1497 1442 fons
1538 1399 1586 1446 et

13 1475 196 1528 auctor3
691 1536 695 1539 q

87 1545 184 1612 Qui
206 1566 292 1599 nos
320 1552 367 1599 in
394 1554 518 1602 omni
544 1551 831 1602 tribulatiOne
854 1560 1008 1602 nostra
1031 1551 1310 1613 consolatur,
1333 1552 1391 1601 ad
1421 1553 1513 1603 hoc
1533 1560 1585 1603 ut

19 1633 66 1677 et
79 1629 274 1693 nosipsi
287 1630 516 1694 possimus
536 1647 616 1679 eos
633 1629 877 1691 consolari,
904 1632 979 1696 qui
1000 1632 1047 1678 in
1066 1646 1348 1695 quacumque
1366 1637 1470 1678 sunt
1493 1641 1597 1678 an-'

2 1706 166 1771 gustia
183 1743 198 1769 ,
222 1724 306 1774 per
328 1725 431 1758 eam
453 1727 588 1776 quam
609 1714 635 1759 a
656 1707 764 1760 Deo
785 1712 1032 1774 recipimus
1058 1708 1418 1758 consolationem
1434 1746 1447 1771 ‚
1465 1707 1589 1757 illam

17 1787 70 1836 in
89 1785 361 1838 afflictorum
389 1789 526 1839 corda
551 1789 863 1840 refundentes·

89 1906 211 1973 Quia
233 1912 346 1960 sicut
367 1911 598 1974 abundant
622 1910 960 1973 tribulationes,
995 1929 1103 1977 quas
1132 1929 1214 1976 pro
1247 1910 1431 1962 Christo
1465 1914 1590 1977 pati-

18 2001 121 2045 mur
148 2003 161 2033 :
188 1987 249 2034 ita
273 1994 318 2035 et
338 1986 544 2050 abundat
570 1985 820 2035 consolatio
839 2022 852 2047 ,
887 1985 974 2051 qua
1002 2004 1085 2053 per
1114 1985 1348 2045 Christum
1385 1986 1593 2039 fruimur.

32 2144 37 2145 ⁷
95 2079 208 2150 Sive
227 2090 380 2133 autem
406 2082 672 2150 affligimur,
695 2083 745 2133 id
766 2084 902 2133 vobis
925 2083 1062 2142 utile3
1091 2085 1139 2133 id
1160 2088 1286 2134 enim
1310 2085 1368 2135 ad
1392 2092 1594 2135 vestram

14 2155 394 2215 -exhortationem
413 2152 458 2213 et
474 2162 667 2212 salutem
684 2161 804 2212 cedit
817 2197 841 2223 γ
853 2169 1073 2227 quatenus
1094 2171 1252 2211 nostro
1270 2162 1488 2226 exemplo
1506 2179 1593 2212 vos

23 2235 154 2291 Deus
169 2238 371 2290 hortatur
389 2241 446 2290 ad
459 2239 771 2290 tribulationes
793 2237 971 2288 sortiter
989 2237 1227 2303 serendas,
1255 2241 1418 2305 quibus
1439 2239 1498 2289 ad
1513 2257 1594 2290 sa·

7 2317 169 2369 *lutein
193 2310 494 2384 perveniatis,
1535 2366 1545 2373 „

4 2461 5 2465 Ἰ
31 2386 45 2427 ἶ
94 2394 208 2447 Sive
234 2398 623 2448 consolationibus
643 2395 867 2447 afficimur
884 2433 897 2457 ,
928 2397 976 2446 id
1001 2396 1060 2446 ad
1086 2403 1284 2448 vestram
1309 2399 1448 2448 etiam
1473 2413 1596 2446 con-

0 2495 1 2556 l
28 2473 303 2526 solationem
329 2474 536 2535 confert3
565 2477 696 2542 quia,
725 2483 771 2525 ut
790 2474 886 2524 dixi
918 2466 976 2526 fi.
1007 2475 1066 2537 4,
1095 2474 1202 2525 ideo
1228 2492 1313 2524 nos
1341 2474 1599 2525 consolatur

0 2557 2 2607 l
31 2548 163 2602 Deus
180 2589 194 2615 ,
218 2561 265 2603 ut
282 2553 649 2611 consolationem
669 2559 868 2602 nostram
893 2551 1373 2610 vobis'resundamu53

0 2608 2 2692 l
96 2626 209 2680 Sive
226 2631 621 2682 intus'excitamur
643 2635 666 2682 a
689 2628 796 2681 Deo
812 2669 825 2693 ‚
849 2631 895 2681 id
919 2633 1085 2697 pariter
1101 2631 1159 2681 ad
1182 2637 1383 2679 vestram
1404 2628 1602 2679 salutem

27 2708 176 2769 cedit;
194 2714 297 2776 quia
318 2710 427 2762 hinc
443 2715 638 2778 aptiores
663 2711 897 2762 reddimur
920 2711 978 2760 ad
998 2729 1082 2762 vos
1104 2709 1420 2762 exhortandos
1445 2708 1503 2758 ad
1525 2725 1602 2758 sa·

23 2784 190 2837 lutem.
1331 2790 1335 2791 ⁷

97 2859 215 2926 (ἔμω
236 2865 374 2917 efficit
395 2869 446 2917 in
471 2869 606 2930 vobis
627 2866 912 2917 tolerantiam
935 2867 1203 2918 earumdem
1228 2866 1602 2928 tribulationum,

29 2952 141 3002 quas
161 2948 204 2990 et
221 2958 306 2991 nos
327 2939 540 3010 Apostoli
566 2946 776 3010 patimur.
