1794 3210
436 73 654 109 πωπω(
689 51 1254 123 Expost“r1‹›.Cap.II.
1499 57 1603 123 355

106 143 302 212 Singulis
325 148 496 195 tantum
520 147 729 211 prodest,
757 151 974 213 quantum
1000 149 1247 205 omnibus;
1276 163 1359 212 pro
1386 163 1482 197 uno
1505 147 1604 198 solo

33 221 319 276 redimendo
331 231 508 290 paratus
529 231 634 273 erat·
643 227 776 276 mori.

102 296 285 350 Gratias
310 318 421 366 ergo
443 304 508 350 sic
528 318 662 365 agere
703 302 879 356 debeo.
903 318 956 349 ac
989 302 1027 348 si
1058 315 1141 364 pro
1168 317 1241 348 me
1278 300 1377 348 solo
1406 308 1608 351 mortuus

41 387 176 432 esset.
204 377 266 429 Se
290 387 434 429 totum
453 379 566 429 mihi
591 379 748 436 dedit3
788 386 932 427 totum
956 380 1108 442 itaque
1137 386 1180 426 et
1204 377 1437 443 plusquam
1462 386 1610 430 totum

42 455 130 523 ipsi
156 474 231 507 me
258 456 443 508 debeo.
469 455 576 521 quid
602 458 723 505 enim
751 456 870 519 ego?

109 528 179 595 y.
202 551 283 583 21.
310 533 422 582 Non
449 532 625 597 obji‘cm
643 534 849 596 gr'atzam
879 533 1033 582 Dei...-

107 607 163 661 ln
185 610 276 659 hoc
301 610 462 660 ultimo
490 628 626 660 xersu
649 629 768 660 nova
793 613 902 660 ratio
933 612 1228 659 continetur:
1258 606 1463 660 Christus
1485 612 1611 661 enim

35 686 144 738 ideo
163 696 367 738 mortuus
406 698 505 753 est,
541 699 588 740 ut
610 707 696 739 nos
720 698 869 739 morte
892 707 971 738 sua
1007 688 1251 739 redimeret
1268 691 1612 756 ,justitiamque

37 765 177 815 nobis
200 775 466 816 mereretur.

110 839 160 892 Si
183 851 334 893 autem
360 861 418 893 ex
442 843 540 908 lege
564 845 796 906 justificari
825 852 1112 909 poteramus,
1143 862 1250 910 ergo
1276 860 1612 910 supervacanea

43 927 126 970 est'
146 938 270 970 mors
312 917 514 972 Christi:
542 924 640 989 quis
675 932 826 972 autem
853 921 1005 972 credat
1031 918 1266 971 Christum
1308 928 1374 970 tot
1412 930 1466 971 et>
1491 928 1613 972 tanta

39 1014 224 1064 passum
240 996 432 1048 frustra?

107 1072 222 1138 Hoc
243 1076 319 1138 qui
343 1074 489 1124 credit
507 1111 519 1134 ‚
545 1068 636 1125 Dei
657 1076 843 1139 gratiam
871 1075 1044 1136 abjicit.

109 1147 223 1197 Non
243 1147 417 1214 abjicio
439 1152 643 1211 gratiam
670 1150 774 1198 Dei.
799 1147 847 1198 Si
875 1151 1060 1214 gratiam
1078 1147 1166 1201 Dei
1190 1154 1365 1216 spernit
1386 1159 1432 1201 et
1458 1153 1615 1216 abjicit

39 1226 119 1290 qui
150 1225 521 1288 justificationem
559 1229 719 1292 quaerit
753 1229 798 1274 in
823 1226 948 1291 lege,
991 1228 1201 1278 eamdem
1245 1229 1432 1292 gratiam
1467 1232 1611 1292 magis
1665 1220 1673 1235 ¹

39 1318 257 1369 spernere
277 1311 319 1352 et
346 1303 606 1366 sceleratius
629 1306 825 1367 abjicere
855 1303 1033 1352 videtur
1056 1304 1126 1354 ille
1149 1308 1251 1372 qui,
1286 1313 1390 1370 post
1426 1301 1613 1371 Baptis-

37 1395 195 1439 mum,
221 1397 300 1429 seu
325 1389 425 1445 post
454 1383 766 1446 poenitentiam
783 1417 795 1439 ‚
828 1389 1016 1446 peccato
1042 1383 1311 1433 sordidatur.

107 1453 268 1523 ltaque
287 1457 345 1507 de
370 1460 683 1522 peccatoribus
704 1459 890 1523 relapsis
922 1462 1084 1509 meiito
1111 1460 1198 1509 dici
1230 1468 1410 1524 potest,
1460 1460 1502 1509 Ο
1538 1463 1614 1510 in-

39 1534 258 1584 sensati!
284 1541 374 1584 etc.

19 135 43 147 ,-

71 1721 294 1787 Synqpsis
313 1721 684 1786 disputationum
716 1723 811 1771 divi
833 1724 1116 1788 Hieronymi
1132 1733 1179 1773 ct
1205 1724 1299 1773 divi
1327 1726 1583 1789 Augustini

649 1800 697 1848 ἰη
726 1800 816 1849 Ιιοε
843 1810 999 1865 caput.

41 1935 465 2048 Pnfficssmzmrs
491 2001 648 2066 capitis
667 1999 906 2069 explicatio
932 2002 1225 2069 multiplicem
1242 2003 1473 2051 suscitavit
1492 2004 1611 2052 inter

37 2074 199 2127 divum
226 2072 569 2142 Hieronymum
596 2085 640 2127 et
669 2077 827 2127 divum
851 2077 1157 2145 Augustinum
1195 2080 1317 2129 litem
1337 2117 1349 2139 ‚
1379 2087 1422 2129 et
1455 2096 1610 2129 aerem

38 2150 424 2219 disputationem,
470 2163 520 2203 ut
571 2163 696 2221 patet
737 2174 796 2206 ex
838 2174 997 2207 eorum
1041 2157 1257 2223 epistoli&
1302 2155 1363 2206 D.
1408 2155 1608 2207 Hieron.

36 2233 171 2296 epist.
196 2229 278 2281 86.
302 2240 346 2281 et
364 2249 462 2298 seq.
492 2251 635 2299 usque
669 2235 726 2284 ad
760 2254 842 2302 97.
867 2243 908 2285 et
932 2233 992 2286 D.
1019 2232 1212 2301 August.
1238 2238 1371 2301 epist.
1392 2234 1440 2285 8.
1462 2253 1609 2303 usque

35 2304 96 2356 ad
122 2318 198 2368 19.
224 2312 334 2354 tom.
364 2326 410 2356 2.
433 2320 626 2378 operum
654 2308 747 2358 divi
769 2309 960 2376 Augusti
968 2313 1029 2362 ni.

104 2378 296 2444 Primi),
336 2374 618 2449 disputarunt
650 2387 709 2437 de
748 2388 966 2454 legalibus
1010 2391 1146 2454 ipsis,
1173 2389 1387 2438 nimirum
1422 2387 1606 2470 quando

37 2477 196 2512 cessav
200 2463 282 2511 erit
303 2460 379 2511 lex
400 2471 555 2524 vetus,
586 2473 629 2515 et
650 2465 805 2532 legalia
832 2477 1069 2534 praecepta.

107 2537 258 2589 Divus
289 2537 606 2607 Hieronymus
629 2543 719 2592 duo
742 2544 1046 2610 distinguebat
1074 2554 1307 2611 tempora:
1337 2561 1476 2595 unum
1499 2552 1606 2595 ante

33 2621 296 2687 passionem
337 2614 544 2682 Christi,
590 2629 634 2672 et
669 2630 776 2673 tunc
812 2626 918 2674 viva
954 2631 1079 2675 erant
1113 2624 1294 2688 legalia,
1336 2623 1602 2688 inquiebat3

33 2696 155 2749 aliud
178 2704 278 2761 post
301 2699 562 2764 passionem
579 2736 592 2762 ‚
624 2707 666 2750 et
687 2706 797 2750 ‘tunc
819 2710 995 2751 mortua
1018 2710 1140 2750 erant
1166 2708 1210 2750 et.
1233 2700 1478 2750 mortifera.

103 2774 255 2827 Divus
289 2773 572 2842 Augustinus
602 2783 682 2830 tria
705 2780 1010 2847 distinguebat
1032 2789 1270 2845 tempora:
1298 2788 1404 2830 ante
1430 2775 1607 2828 Christi

35 2846 295 2919 passionem
315 2871 454 2905 unum
472 2892 485 2919 ,
513 2863 556 2908 et
578 2865 683 2908 tune
705 2867 832 2909 erant
856 2861 958 2909 viva
998 2858 1180 2926 legalia3
1221 2857 1337 2908 aliud
1363 2865 1468 2926 post
1491 2872 1604 2923 pas-
