1794 3210
149 12 256 89 450
603 20 882 63 EPISTOLAE
917 23 991 62 An
1025 25 1264 64 cameras

153 96 288 153 ritate
311 109 359 151 et
380 95 569 163 justitia,
593 99 847 165 temporale
874 99 1045 150 malum
1063 101 1131 150 eis
1154 108 1321 167 optans
1340 100 1736 165 ὃᾶαίώραθιί*

157 199 265 233 rnae.

226 253 467 305 Secundus
503 264 571 305 est
592 273 779 320 sensus,
803 276 942 324 quern
975 255 1149 321 Estius,
1187 268 1297 325 post
1314 255 1582 324 Erasmum,
1608 265 1739 325 putat
1784 255 1794 298 ’ἓ

158 331 408 402 apostolica
431 335 650 397 gravitate
674 335 951 401 digniorem,
979 345 1024 387 et
1059 355 1218 403 quem,
1237 346 1479 403 praeterea,
1508 336 1741 389 multivin

160 411 377 479 Apostoli
398 413 530 461 verbi
553 415 924 464 annotationibus
956 415 1105 466 reddit
1135 415 1519 481 probabiliorem3
1542 412 1745 476 scilicet»

140 494 340 542 *utinam
371 492 430 539 ab
463 487 670 541 Ecclesia
697 500 852 541 vestra
872 493 1216 558 abscindantur,
1239 496 1359 546 etc.!

231 567 513 623 Ambrosius
540 578 787 635 utrumque
810 571 1084 636 complexus
1107 581 1193 623 est.

233 643 424 696 Utinam
450 653 494 694 et
514 646 858 712 abscindantur,
883 656 972 698 ete.
993 648 1080 700 tale
1099 658 1172 700 est
1185 649 1293 711 hoc,
1309 650 1443 716 quale
1466 658 1537 706 est
1556 640 1746 701 illudar}

169 721 282 775 Cor.
308 728 468 788 pritnae
493 742 591 789 cap.
625 723 721 775 16:
755 725 856 791 Qui
882 745 977 775 non
1011 736 1148 775 amat
1187 729 1447 777 Dominum
1470 727 1662 785 Jesum,
1681 726 1749 778 sit

169 804 448 853 anathema.
463 800 538 853 Ex
561 806 660 870 ipso
681 821 820 870 grege
835 805 1048 855 morbido
1067 814 1173 856 sunt
1194 805 1327 868 ethi,
1342 800 1622 871 quos‘sociat
1635 819 1749 856 sen-

170 883 331 931 tentiae
365 897 522 930 eorum
541 918 556 944 ‚
584 890 633 932 ut
661 882 983 933 abscindantur
1006 887 1031 933 a
1052 882 1366 933 misericordia
1390 879 1509 940 Dei,
1540 882 1618 947 qui
1639 876 1754 931 Ga-

77 993 81 996 ·
170 961 280 1012 latas
307 958 401 1011 Dei
432 961 574 1026 gxatia
611 971 863 1021 exuerunt3
894 971 940 1012 et
964 980 1060 1013 non
1085 963 1233 1013 solum
1255 960 1566 1028 spiritualiter,
1590 958 1677 1011 sed
1694 966 1754 1011 a

173 1037 409 1088 carnaliter
435 1037 520 1086 hos
542 1037 791 1100 maledicit,
814 1045 863 1088 ut
887 1042 989 1105 quia
1010 1038 1272 1088 circumcidi
1296 1034 1479 1088 Galatas
1503 1036 1752 1100 cogebant,

175 1119 264 1182 ipsi
286 1116 688 1180 abscinderentur,
702 1123 753 1165 ut
766 1117 1138 1182 multiplicaretur
1148 1115 1223 1165 his
1244 1115 1378 1165 dolor
1395 1108 1615 1180 corporis.
1627 1107 1758 1163 Am*

173 1189 372 1251 brosius.

246 1273 305 1336 fi.
339 1276 417 1327 13.
453 1276 555 1326 Vos
581 1278 704 1326 enim
740 1297 790 1325 m
820 1278 1134 1326 libertatem...
1141 1274 1266 1326 ‚dat
1285 1275 1512 1322 rationem
1534 1270 1761 1333 anmm

179 1355 247 1403 eis
268 1361 394 1419 optat
410 1353 670 1415 anathema,
687 1353 761 1402 vel
789 1353 910 1402 hanc
935 1353 1293 1408 abscissionem;
1318 1347 1513 1408 scilicet,
1538 1347 1647 1395 cum
1671 1358 1761 1394 vos

178 1428 313 1481 Deus
337 1433 383 1480 in
419 1430 677 1482 libertatern
706 1433 960 1493 vocaverit,
990 1430 1110 1480 hanc
1135 1433 1162 1479 a
1189 1429 1325 1482 vobis
1348 1424 1524 1478 auferre
1549 1422 1765 1475 molim-

176 1515 264 1559 tur.

238 1580 344 1633 Sed
361 1598 591 1694 ¹)‹1uaenam
624 1592 694 1634 est
723 1583 797 1634 illa
830 1585 1016 1635 libertas
1051 1583 1328 1645 christiana,-
1352 1578 1413 1630 ad
1443 1595 1582 1646 quam
1609 1575 1765 1629 vocati

183 1678 377 1711 sumus.

254 1736 333 1789 Ex
357 1740 490 1790 dictis
517 1740 663 1806 colligi
689 1747 859 1806 potest.
889 1737 1070 1802 Primo,
1096 1741 1154 1789 ab
1186 1754 1384 1789 onerosa
1403 1733 1611 1801 legalium
1633 1726 1767 1781 obli-

181 1818 385 1881 gatione,
422 1836 558 1883 quam
586 1813 644 1872 fi.
683 1838 729 1880 1,
749 1817 922 1882 jugum
947 1819 1176 1868 servitutes
1200 1814 1421 1869 vocavit·

259 1894 496 1960 Secundo,
526 1902 552 1947 a
578 1901 742 1948 timore
773 1899 947 1962 servili,
977 1899 1036 1949 de
1065 1916 1177 1966 quo,
1203 1905 1253 1947 ut
1270 1897 1466 1961 proprio
1486 1891 1600 1956 legis
1624 1866 1769 1954 effec-

189 1981 271 2039 tu,
302 1974 476 2025 locutus
500 1985 586 2038 est,
612 1980 741 2026 initio
770 1994 869 2043 cap.
891 1979 943 2039 4.

260 2053 442 2119 Tertio,
475 2064 520 2106 et
552 2061 578 2106 a
606 2056 781 2108 sortiori
810 2061 837 2107 a
874 2060 1097 2109 servitute
1118 2056 1316 2123 peccati,
1350 2056 1377 2103 ὲ
1410 2069 1498 2119 qua
1522 2064 1609 2116 pro
1627 2045 1772 2097 nobb

195 2134 407 2187 Christus
432 2141 632 2189 moriens
655 2157 741 2189 nos
762 2138 975 2190 redemit.
1002 2137 1126 2191 Vide
1143 2135 1356 2187 Roman.
1365 2132 1429 2184 6
1462 2130 1545 2182 18.

269 2215 538 2265 Tantumne
564 2218 876 2268 libertatem...
908 2214 993 2267 Gr.
1026 2219 1265 2264 tantumne
1306 2212 1565 2262 libertatem
1598 2209 1652 2256 in
1674 2219 1775 2256 oc-

195 2297 430 2345 casionem
454 2297 634 2345 carnis:
671 2296 801 2345 deest
828 2297 1053 2358 verbum,
1081 2293 1164 2344 sed
1185 2289 1512 2357 supplendum,
1535 2286 1675 2350 detio,
1698 2281 1779 2343 ud

191 2377 393 2439 capiatis.

264 2448 376 2517 Syr.
399 2456 576 2503 tantum
600 2471 660 2504 ne
680 2455 738 2503 sit
763 2453 948 2504 libertas
966 2458 1116 2503 vestra
1136 2453 1185 2500 in
1204 2450 1496 2501 occasionem
1516 2444 1683 2496 carnia

435 2589 782 2626 OBsEnvA'no
819 2589 1122 2626 Ll'r'rEnALrs
1159 2587 1227 2623 ΕΤ
1263 2580 1510 2620 moruus.

270 2692 500 2748 Absoluta
515 2706 651 2765 parte
671 2694 942 2764 dogmatica,
969 2697 1050 2748 hic
1070 2692 1330 2762 Apostolus
1350 2691 1507 2748 transit
1528 2686 1590 2738 ad
1607 2690 1786 2737 morai

233 2771 371 2824 H'1c
402 2779 554 2839 itaque
592 2778 750 2841 incipit
765 2775 905 2838 hujus
928 2773 1132 2841 epistolae
1165 2789 1275 2838 pars
1290 2766 1496 2827 moraliS‚
1521 2779 1642 2832 quae
1650 2759 1783 2812 duta!

200 2867 382 2919 arsque
380 2851 450 2902 ad
479 2845 538 2905 fi
567 2871 647 2915 11,
653 2868 767 2918 cap.
788 2850 841 2904 6.
869 2851 914 2904 V
917 2853 1034 2901 :dete
1059 2851 1274 2918 qualibus
1297 2844 1512 2897 litteris...
