1794 3210
165 68 264 123 αἶα
449 80 711 123 sacoma-:-
731 76 1018 126 121st
1034 87 1116 124 m
1141 85 1448 131 commus

167 245 310 252 --

564 334 800 416 cmm
835 321 1334 416 Duonsscrmnmg

831 524 834 529 '
848 522 1039 574 Yam}

164 723 208 754 1.
233 645 330 754 δι
355 696 566 770 gloriari
592 713 819 770 oportet,
836 708 863 768 -(
883 724 992 759 non
1004 701 1213 772 expedit
1229 701 1444 772 quidem
1463 707 1499 769 t)
1515 701 1726 758 veniam

158 801 339 846 autem
363 790 433 845 ad
456 789 745 847 visioneset
768 792 1123 849 revelationes
1148 790 1385 848 Domini.

226 1037 274 1076 2.
312 1019 437 1076 Scio
463 1018 740 1077 hominem
784 1023 836 1078 in
873 1023 1089 1079 Christo
1116 1037 1234 1078 anre
1275 1042 1445 1077 annos
1472 1031 1731 1090 quatuor-

157 1108 326 1165 decim
352 1109 487 1176 (sive
513 1109 567 1165 in
589 1132 812 1181 corpore
839 1111 1019 1168 nescio
1039 1156 1051 1180 ‚
1079 1112 1187 1168 sive
1216 1124 1359 1167 extra
1383 1132 1577 1179 corpus
1599 1130 1729 1165 nes-

154 1195 267 1263 cio,
305 1198 449 1253 Deus
471 1196 613 1265 scit)
653 1212 867 1269 raptum
894 1199 1202 1269 hujusmodi
1227 1219 1393 1268 usque
1426 1198 1494 1252 ad
1520 1200 1731 1252 tertium

154 1282 370 1341 coelum.

224 1397 273 1448 3.
301 1391 369 1448 Et
403 1393 513 1450 scio
553 1386 866 1464 hujusmodi
897 1394 1172 1452 hominem
1202 1394 1349 1462 (sive
1382 1394 1441 1451 in
1477 1414 1726 1478 corpore,

156 1477 264 1539 sive
286 1492 433 1537 extra
453 1503 644 1553 corpus
673 1483 883 1551 nesci0‚
904 1485 1058 1540 Deus
1083 1484 1212 1550 scit)
1233 1507 1246 1549 ;

223 1575 274 1634 4.
292 1570 572 1643 Quoniam
594 1585 777 1642 raptus
798 1583 877 1629 est
906 1572 963 1627 in
987 1571 1325 1642 paradisum:
1347 1583 1399 1627 et
1417 1569 1619 1627 audivit
1639 1589 1731 1626 ar-

156 1678 292 1715 cana
314 1659 474 1715 verba
491 1702 503 1725 ‚
530 1683 642 1730 quae
664 1682 774 1716 non
795 1659 916 1717 licet
939 1659 1144 1716 homini
1167 1659 1330 1731 loqui.

224 1754 276 1805 5.
317 1749 431 1806 Pro
461 1748 772 1820 hujusmodi
811 1748 1078 1827 gloriabor
1106 1775 1119 1806 ε
1149 1769 1247 1818 pro
1275 1770 1359 1804 me
1392 1759 1571 1804 autem
1595 1745 1730 1802 nihil

158 1835 453 1909 gloriabor,
480 1836 583 1895 nisi
602 1837 659 1894 in
683 1837 1086 1894 infirmitatibus
1114 1836 1264 1893 meis.

228 1988 278 2041 6.
304 1986 444 2043 Nam
463 1986 560 2044 etsi
583 1986 801 2044 voluero
823 1986 1054 2061 gloriari,
1079 2008 1191 2043 non
1214 2007 1304 2043 ero
1332 1983 1616 2056 insipiens:
1645 2003 1733 2039 ve-

160 2077 372 2137 ritatem
393 2087 534 2135 enim
557 2076 730 2142 dicam
755 2106 767 2136 ε
794 2100 957 2149 parco
979 2092 1155 2134 autem
1176 2120 1188 2144 ‚
1220 2098 1286 2131 ne
1309 2077 1423 2146 quis
1444 2097 1529 2131 me
1547 2073 1731 2131 existi-

161 2179 271 2223 met
290 2165 519 2238 supraid
537 2166 680 2237 quod
700 2165 839 2221 videt
854 2165 909 2220 in
928 2186 1013 2221 me
1029 2208 1043 2234 ‚
1064 2175 1153 2219 aut
1172 2162 1372 2233 aliquid
1387 2161 1534 2218 audit
1553 2182 1615 2217 ex
1629 2182 1734 2217 me.
1791 2183 1794 2186 ·

230 2416 279 2460 7.
306 2387 376 2444 Et
395 2408 462 2465 ne
485 2387 792 2462 magnitudo
819 2386 1208 2444 revelationum
1232 2384 1447 2442 extollat
1472 2403 1558 2439 me
1575 2426 1588 2450 ‚
1630 2381 1733 2438 da·

162 2491 246 2536 tus
272 2489 351 2535 est
373 2476 506 2534 mihi
529 2477 775 2535 stimulus
799 2477 974 2534 carnis
993 2498 1124 2534 meae
1139 2521 1153 2546 ,
1178 2474 1398 2547 angelus
1419 2477 1622 2531 Salanae
1641 2470 1734 2542 qui

163 2589 250 2625 me
274 2567 590 2639 colaphizet.

228 2673 280 2726 8.
308 2669 547 2739 Propter
574 2666 719 2739 quod
747 2678 827 2723 ier
847 2664 1149 2723 Dominum
1171 2663 1389 2737 rogavi,
1414 2674 1471 2718 ut
1490 2659 1731 2718 disceie-

160 2770 237 2816 ret
259 2761 288 2815 a
307 2779 394 2815 me
418 2781 434 2812 ε

198 2903 203 2905 ”
234 2923 285 2975 9.
307 2899 378 2956 Et
402 2897 531 2955 dixit
553 2896 687 2954 mihi
707 2940 721 2967 ,
762 2894 960 2953 sufficit
987 2892 1081 2950 tibi
1119 2891 1282 2966 gratia
1303 2911 1442 2956 mea3
1470 2909 1598 2946 nam
1629 2887 1739 2943 vir-
