1690 3230
427 138 648 178 'rmpmx
674 137 966 175 Exposrrro.
1002 123 1121 190 Cap·-
1155 120 1204 175 Ι.
1535 118 1604 177 13

26 211 177 275 flens,
205 219 248 279 et
266 203 393 263 Patri
415 228 498 262 suo
517 227 600 277 per
619 228 670 260 os
705 206 958 277 Prophetae
986 209 1143 260 dicens
1170 230 1181 259 :
1210 211 1268 260 In
1304 220 1348 262 te
1379 231 1599 277 sperave-

25 301 145 342 mut
157 301 318 358 patres
337 294 501 351 nostri,
519 298 830 355 speraverunt,
853 299 899 338 et
923 288 1138 339 liberdstc'
1153 308 1228 338 eos
1237 309 1257 350 ;
1273 292 1340 340 ad
1357 300 1401 340 te
1417 293 1601 343 clama-

30 384 210 435 oet-unt,
226 385 274 425 et
285 373 535 439 salvifacti
551 377 676 424 svnt.

26 444 36 480 s
59 467 64 478 ²
101 449 226 504 Ecce
246 450 594 520 patriarcharum
617 459 664 501 et
680 452 968 516 antiquorum
989 459 1247 502 sanctorum
1270 454 1301 502 ὲ·
1320 451 1448 503 malis
1473 453 1602 506 divi-

33 532 155 582 nitus
179 531 510 580 liberationem.

101 607 206 670 Ego
222 613 376 654 autem
395 608 500 654 sum
512 607 683 673 vermis
695 615 740 656 et
754 625 847 656 non
867 607 1023 669 homo,
1043 607 1337 671 opprobrium
1355 605 1600 662 hominum

28 694 78 749 et
95 686 297 752 objectio
316 686 512 750 plebis...

48 782 55 794 ¹
100 760 227 815 Ecce
251 760 420 814 Christi
443 761 788 813 derelictionem
807 762 853 811 in
881 761 1113 811 doloribus
1140 768 1184 811 et
1203 763 1480 827 opprobriis,

18 845 56 912 ’ξ’
89 838 197 892 *Sed
226 857 336 891 ecce
362 840 569 890 dolorum
604 847 651 889 et
683 839 1032 905 opprobriorum
1072 838 1508 904 sanctificationem,
1553 845 1604 894 et

32 919 158 984 quasi
181 917 516 966 deificationem
534 952 547 977 ‚
578 917 626 964 in
650 931 843 979 persona
865 911 1050 963 Christi.

104 993 168 1046 Et
191 1013 296 1046 ecce
316 994 509 1044 solidam
529 991 773 1042 Christiani
802 995 848 1041 in
877 991 1109 1041 doloribus
1132 1001 1176 1041 et
1197 993 1454 1057 opprobriis
1473 1011 1601 1046 con-

33 1075 316 1127 solationem.
339 1070 522 1124 Christo
546 1070 653 1132 Deo
674 1090 774 1130 sum
796 1072 953 1122 similis
970 1110 982 1133 ‚
1014 1091 1115 1122 sum
1140 1072 1389 1129 conformis
1409 1092 1420 1136 ;
1456 1093 1598 1127 com-

30 1152 218 1203 mimico
241 1146 433 1202 Christo
453 1153 756 1217 passionibus.
781 1148 909 1200 Hinc
929 1150 1144 1215 gaudium
1163 1187 1177 1214 ‚
1201 1149 1310 1202 hinc
1339 1154 1410 1203 vis
1428 1188 1442 1216 ,
1463 1156 1602 1207 robur

35 1239 83 1283 et
101 1231 347 1282 consolatio
370 1234 563 1282 interna.

102 1302 232 1357 Dum
252 1309 425 1372 patior,
450 1325 550 1358 sum
570 1306 691 1375 quod
718 1306 798 1356 fuit
817 1298 1041 1358 ChristuS.

66 1396 69 1399 “
104 1382 219 1436 Sum
244 1387 315 1436 vir
339 1385 547 1435 dolorum
573 1388 687 1435 sicut
714 1395 759 1436 et
779 1380 1011 1436 Christus.

41 1483 45 1485 ·
104 1460 425 1530 opprobrium
446 1480 547 1513 sum
572 1463 811 1513 hominum
833 1465 947 1513 sicut
967 1471 1011 1513 et
1033 1459 1257 1514 Christus.

49 1560 51 1562 ¹
109 1539 517 1591 Communicantes
535 1559 640 1605 ergo
661 1538 842 1590 Christi
850 1541 1169 1606 passionibus,
1192 1541 1404 1604 gaudete.
1427 1535 1466 1589 Ῑ.
1495 1536 1602 1591 Pet.

34 1622 85 1682 ⁴.
111 1619 190 1671 13.

48 1695 184 1749 Ex
207 1715 297 1764 quo
321 1695 449 1750 Deus
471 1717 554 1767 pro
575 1699 708 1749 nobis
732 1715 887 1765 passus
905 1705 992 1760 est,
1014 1694 1318 1747 honorificum
1340 1704 1426 1761 est,
1449 1695 1604 1746 laetum

39 1785 107 1828 est
128 1780 219 1841 pati
240 1795 323 1843 pro
345 1774 466 1828 Deo.

107 1849 188 1905 Ex
210 1872 299 1921 quo
325 1852 454 1904 Deus
478 1871 557 1919 pro
586 1854 719 1902 nobis
744 1854 813 1902 vir
834 1852 1042 1902 dolorum
1073 1851 1215 1922 sactus
1237 1861 1334 1915 est,
1369 1850 1606 1904 honorifi-

39 1924 145 1985 cum
170 1941 238 1983 est
255 1969 268 1992 .,
294 1941 498 1981 sanctum
525 1939 622 1991 est,
653 1929 859 1979 divinum
883 1937 951 1979 est
973 1930 1124 1979 dolere
1141 1968 1154 1993 ,
1175 1933 1343 1980 sentire
1359 1968 1374 1994 ‚
1399 1949 1482 1996 pro
1499 1929 1605 1988 Deo

36 2009 149 2074 pati.
172 2004 368 2057 Dolores
390 2014 437 2056 et
457 2005 703 2072 opprobria
733 2003 941 2055 Christus
963 2008 1010 2055 in
1035 2022 1113 2054 sua
1135 2022 1328 2069 persona
1354 2023 1608 2056 consecra-

37 2087 134 2145 vit,
160 2083 416 2141 deificavit;
442 2084 526 2134 sed
553 2090 600 2133 et
624 2084 689 2133 eis
722 2085 818 2132 vim
840 2082 966 2132 dedit
989 2082 1325 2151 sanctificandi,
1359 2082 1606 2137 deificandi

31 2166 264 2231 ‘patientes
278 2161 576 2214 Christianos·

38 2238 47 2258 '²
86 2251 92 2254 ”
116 2235 244 2292 Cirm
265 2244 415 2308 itaque
433 2243 820 2293 communicamus
840 2237 1009 2291 Christi
1025 2242 1328 2306 passionibus,
1348 2242 1608 2308 opprobriis

44 2318 92 2371 et
115 2319 372 2383 doloribus,
401 2319 703 2387 gaudeamus;
732 2337 829 2369 non
856 2319 1174 2369 liberationem
1195 2322 1219 2368 a
1244 2319 1483 2382 passione,
1505 2334 1607 2369 non

40 2395 316 2447 descensum
343 2401 369 2448 a
395 2414 527 2448 cruce
561 2406 791 2464 petamus;
824 2395 907 2446 sed
941 2397 1130 2461 gratiam
1162 2391 1481 2458 christianam,
1514 2392 1607 2460 quss

44 2475 244 2526 'roborati
260 2476 454 2527 libenter
477 2479 715 2544 patiamur.

115 2551 190 2618 Y·
211 2553 259 2605 5.
288 2554 527 2620 Quoniam
551 2559 673 2605 sicut
689 2553 1186 2618 abundantpasst’ones
1213 2551 1415 2610 Christi,
1445 2548 1494 2599 id
1511 2556 1613 2613 est,

49 2645 175 2694 quas
181 2646 264 2696 pro
283 2623 469 2683 Christo
488 2634 713 2700 patimur,
739 2634 808 2681 ita
833 2640 878 2680 et
891 2649 975 2696 per
1004 2629 1238 2679 Christum
1257 2626 1470 2678 abundat
1483 2644 1611 2676 coa·-

44 2708 214 2757 solott'o
226 2720 403 2761 nostra.

115 2783 212 2850 Qui
237 2804 319 2853 pro
337 2782 524 2839 Christo
545 2787 783 2856 affligitur,
803 2806 883 2855 per
907 2778 1147 2850 Christum
1161 2786 1401 2854 roboratur
1415 2790 1462 2834 et
1481 2782 1611 2834 divi-

43 2880 107 2915 no
139 2865 306 2918 auxilio
332 2868 693 2920 consolationem
723 2872 880 2936 recipit
912 2868 1147 2919 afflictioni
1181 2867 1573 2934 proportionatam
1591 2884 1609 2915 =

47 2943 139 3015 quo
157 2950 302 3015 maior
325 2942 505 3019 passio,
531 2956 587 3005 eo
609 2955 754 3020 major
775 2960 843 3004 est
866 2950 1131 3004 consolatio.
