1794 3210
432 77 649 116 rmum<
685 56 971 114 exposmo.
1009 61 1125 128 Cap.
1161 58 1212 113 1.
1506 59 1607 128 307

113 150 259 206 Dixi
249 166 357 216 lam,
380 162 426 203 et
446 166 568 204 nune
588 154 751 203 iterum
774 152 910 202 dico:
910 149 979 202 Si
1004 154 1104 216 quis
1127 152 1261 202 vobis
1277 150 1612 202 annuntiaverit

0 212 352 314 §Evangelium
373 235 519 296 aliud,
548 238 683 299 quam
709 234 833 298 quod
854 235 1117 298 accepistis,
1149 231 1389 283 anathema
1411 235 1484 282 sit.

50 488 56 491 μ
116 418 183 474 At
202 422 306 474 haee
321 425 546 484 scribens,
566 439 688 471 nune
705 438 885 471 causam
902 420 1004 470 dleo
1021 418 1140 486 apud
1157 420 1389 482 homines,
1413 438 1472 471 an
1491 423 1610 493 apud

49 494 245 551 Deum?

116 573 245 626 Num
266 553 467 625 studium
485 593 640 627 meum
665 583 731 625 est
751 584 799 625 ut
819 574 1086 625 hominibus
1112 573 1343 639 placeam,
1377 593 1434 624 an
1449 580 1602 640 potitis

48 659 99 701 ut
122 650 324 716 placeam
349 648 495 703 Deo?

116 724 166 778 Si
187 728 335 778 adhuc
357 727 620 778 hominibus
644 722 819 793 plaeere
841 727 1099 790 studerem,
1122 723 1290 777 Christi
1315 744 1502 790 servus,
1528 744 1608 778 seu

50 801 331 856 Christianus
351 823 445 855 non
467 822 635 855 essem.

117 880 275 948 Itaque
307 893 465 935 notum
492 886 624 934 vohis
649 883 793 944 facio,
817 892 862 933 et
891 884 1103 933 omnibus
1130 891 1290 933 notum
1318 900 1417 934 esse
1446 885 1606 947 cupio,

51 962 174 1026 quod
198 956 503 1028 E3=aligelium
523 966 549 1011 a
570 980 647 1011 me
676 963 968 1027 praedieatum
985 999 999 1025 ,
1022 980 1116 1012 non
1140 965 1196 1012 sit
1217 964 1274 1011 ab
1302 962 1515 1023 bomine,
1539 963 1614 1013 ni-

50 1038 208 1104 hilque
235 1041 400 1091 habeat
427 1041 695 1106 humanum.

121 1114 242 1179 Quia
264 1106 371 1167 illud
404 1135 497 1167 non
524 1119 677 1181 accepi
703 1117 758 1165 ab
784 1115 985 1165 hominis
1005 1118 1252 1183 cujuspiam
1277 1116 1534 1165 traditione.

118 1191 289 1260 Neque
321 1195 427 1245 illud
455 1194 596 1244 didici
631 1194 813 1256 alicujus
842 1192 1041 1243 hominis
1079 1197 1366 1257 interventu,
1392 1210 1481 1243 seu-
1506 1209 1615 1242 ma-

45 1275 266 1338 ·gisterio;

123 1349 219 1401 Sed
258 1368 339 1417 per
379 1351 706 1402 revelationem
728 1386 741 1411 ,
785 1348 1047 1398 immediate
1092 1348 1203 1399 mihi
1241 1347 1403 1398 factam
1442 1349 1469 1395 a
1502 1342 1614 1397 Jesu

55 1426 256 1480 Christo.
1635 1489 1639 1491 .

124 1505 264 1560 Scitis
287 1507 426 1570 qualis
453 1505 614 1557 fuerim
635 1524 645 1563 ς
670 1514 715 1556 et
737 1505 839 1555 licet
863 1523 1077 1570 magnum
1101 1509 1158 1556 sit
1186 1508 1302 1555 inter
1324 1502 1614 1554 Palaestinam

54 1596 99 1638 et
127 1584 350 1638 Galatiam
367 1584 675 1646 intervallum,
696 1584 752 1633 ad
771 1601 853 1634 vos
877 1592 1029 1633 tamen
1051 1585 1258 1648 pervenit
1280 1597 1395 1632 meae
1420 1595 1619 1630 conver-

53 1667 248 1714 sationis
267 1681 435 1714 rumor.

11 1740 13 1742 ’
125 1738 302 1791 Notum
326 1749 393 1790 est
427 1741 640 1789 omnibus
663 1737 786 1803 quod
812 1746 917 1787 tunc
941 1754 1065 1787 eram
1094 1736 1299 1787 infensus
1332 1733 1476 1783 hostis
1510 1729 1621 1783 Ee*

56 1815 228 1877 clesiae,
269 1835 402 1880 quam
441 1816 774 1880 persequebar,
823 1831 957 1881 quam
1001 1813 1349 1879 expugnabam,
1397 1816 1444 1858 et
1481 1823 1642 1872 quam„

4 1891 14 1900 ’
54 1889 257 1941 funditus
284 1899 491 1942 evertere
515 1890 752 1955 cupiebam
777 1890 1104 1939 ardentissime.

125 2065 330 2122 Audistis
360 2072 404 2114 et
431 2080 586 2114 meum
619 2064 666 2111 in
699 2063 873 2124 judaica
909 2060 1159 2126 religione,
1195 2074 1332 2124 supra
1366 2062 1639 2106 coaetaneos„

57 2139 397 2205 meostudaeos
414 2179 429 2204 ,
452 2155 766 2205 progressum,
791 2138 959 2188 scilieet
979 2140 1024 2188 in
1048 2138 1209 2200 majori
1226 2137 1337 2201 legis
1361 2134 1516 2183 notitia
1532 2167 1546 2194 ,
1570 2133 1625 2181 in-

58 2225 216 2288 majori
256 2221 444 2285 judaicae
479 2218 706 2282 religionis
738 2217 913 2278 studio,
946 2224 992 2266 et
1029 2217 1073 2264 in
1104 2213 1349 2264 ardentiori
1383 2209 1483 2261 zelo
1517 2225 1634 2288 erga»

59 2297 313 2347 doctrinam
335 2301 380 2343 et
399 2295 601 2348 instituta
618 2297 644 2342 a
666 2294 911 2356 majoribus
933 2300 1132 2359 accepta.

127 2445 249 2498 Cum
273 2456 422 2498 autern
443 2447 606 2513 placuit
630 2445 735 2499 Deo
755 2444 865 2499 illud
888 2450 936 2499 in
956 2466 1032 2499 me
1066 2449 1287 2514 exsequi,
1314 2446 1371 2497 ad
1400 2446 1525 2513 quod
1545 2462 1619 2497 me

58 2541 119 2573 ex
143 2532 271 2573 utero
295 2527 447 2574 matris
472 2540 588 2573 meae
612 2523 875 2576 destinarat.

127 2599 246 2651 Cum
265 2604 519 2667 ,inquam,
545 2603 755 2668 singulam
773 2605 852 2654 sua
874 2622 921 2654 m
946 2621 1021 2655 me
1040 2601 1391 2670 benevolentia,
1412 2620 1489 2654 me
1513 2610 1623 2654 tunc

24 2667 240 2734 shostem
261 2700 415 2743 suum,
437 2685 789 2737 miseiicorditer
810 2691 1008 2740 vocavit.
1030 2684 1140 2739 Act.
1166 2707 1212 2756 9.
1238 2687 1287 2738 5.

125 2851 384 2920 Filiumque
408 2871 538 2908 suum
560 2891 576 2921 ,
611 2875 745 2925 quern
773 2863 1079 2928 persequebar
1109 2861 1352 2926 ignoranS,
1385 2862 1617 2926 cognitum
