1794 3210
146 61 249 126 234
422 81 679 118 securium
713 81 978 121 EPISTOLAE
1011 68 1086 123 An
1122 82 1454 131 conmmos

208 143 276 210 γ.
299 142 347 196 6.
371 145 504 195 Nam
530 149 621 197 etsi
649 150 896 216 imperitus
901 189 987 205 .....
958 150 1098 206 Gr.
1119 155 1294 221 idiota,
1321 159 1491 228 idest,
1515 161 1731 220 indoctus

140 244 375 277 sermone.
399 223 508 295 Syr.
532 227 724 279 incultus
751 235 992 284 sermone.
1020 230 1146 285 Vide
1164 199 1512 302 paraphrasim.
1542 248 1582 278 ἰ

219 302 361 357 Juxta
376 309 588 385 antiquos
599 302 698 358 haec
710 326 805 359 non
822 310 1087 363 reseruntur
1090 313 1148 364 ad
1168 317 1441 370 versiculum
1455 321 1732 386 praeceden-

142 384 267 445 tem,
281 382 366 432 sed
384 380 453 433 est¹
468 387 710 449 responsio
730 401 870 436 novae
883 387 1254 442 adversariorum
1277 393 1529 486 objectioni
1546 431 1565 461 ,
1582 393 1729 450 Paulo

144 458 375 508 sermonis
395 459 640 510 ruditatem
664 463 1088 527 improperantium.

157 599 162 603 ⁴
219 533 392 587 Fateor
441 538 566 604 quod
595 555 813 590 sermone
850 558 954 591 sum
989 543 1144 594 rudis·
1130 581 1146 605 ‚
1192 553 1240 596 at
1277 563 1432 599 rerum
1471 548 1732 602 divinarum

118 618 390 673 ‘scient-iam
413 620 556 671 calleo
571 659 584 684 ,
608 638 710 688 quae
728 622 938 674 divinum
955 642 1219 692 praeconem
1242 628 1398 684 decet.

219 697 334 752 Non
359 707 483 750 curat
506 701 773 752 saecularem
799 704 1070 768 sapientiam
1086 741 1100 767 ,
1127 723 1232 771 quae
1259 716 1309 757 ut
1329 712 1492 775 primae
1515 708 1730 764 Corinth.

147 779 270 830 dixit
282 799 305 853 p:
322 776 530 832 Evacuat
550 785 695 833 crucis
712 779 884 834 Christi
899 784 1091 851 gloriam
1110 805 1123 836 ε
1145 787 1230 839 sed
1248 790 1489 842 scientiam
1510 786 1631 856 Dei,
1645 809 1731 844 ve-

135 876 248 910 ‘ram
270 862 545 925 sapientiam
566 859 740 912 habere
762 862 990 927 gloriatur.

220 935 269 989 Τ
270 938 432 988 alis-sit
458 937 604 988 homo
625 943 734 989 vere
756 940 1048 1005 apostolicus,

218 1014 454 1068 Indirecte
476 1020 702 1069 sermonis
724 1021 921 1069 nitorem
946 1028 992 1071 et
1025 1021 1235 1088 peritiam
1281 1022 1498 1074 concedit
1515 1024 1732 1092 pseudo-

135 1098 400 1164 papostolis3
429 1107 474 1149 at
509 1101 574 1149 eis
598 1106 736 1163 negat
760 1100 1033 1152 scientiam:
1068 1118 1286 1154 sermone
1314 1112 1422 1156 sunt
1461 1107 1625 1171 periti,
1648 1104 1735 1157 sed

135 1175 343 1228 ,scientia
366 1173 457 1227 Dei
483 1177 675 1227 indocti.

220 1255 354 1322 Quot
381 1265 426 1307 et
449 1256 591 1307 hodie
619 1256 884 1321 hujusmodi
910 1257 1151 1310 homines!

219 1338 283 1387 In
308 1338 527 1385 omnibus
555 1345 712 1385 antem
737 1335 1033 1400 manifestati
1048 1354 1213 1387 sumus
1233 1341 1385 1391 vobis.
1434 1338 1443 1344 ⁶

211 1402 307 1467 Gr.
332 1416 415 1465 sed
441 1418 487 1466 in
505 1417 631 1465 omni
651 1414 924 1465 manifestati
941 1418 987 1466 in
1011 1417 1225 1466 omnibus
1251 1419 1300 1467 in
1317 1433 1425 1468 vos.

220 1492 327 1563 Syr.
361 1498 527 1553 verum,
552 1497 600 1544 in
621 1494 835 1543 omnibus
863 1493 1092 1544 manifesti
1112 1494 1278 1544 fuimus
1298 1494 1429 1562 apud
1442 1513 1545 1546 vos·
1730 1546 1736 1551 ,

215 1571 320 1625 Hic
344 1592 529 1642 quoque
551 1572 686 1623 salsos
708 1576 966 1639 perstringit
991 1570 1244 1640 Apostolos
1261 1611 1276 1638 ‚
1297 1581 1458 1641 utpote
1473 1575 1737 1628 inversutia

152 1655 443 1706 ambulantes
461 1692 474 1716 ‚
506 1655 633 1720 quasi
658 1653 857 1704 diceret:

220 1729 339 1784 Non
356 1735 470 1782 sicut
490 1733 550 1782 illi
567 1731 685 1783 aliud
704 1749 893 1792 summ,
918 1738 963 1781 et
985 1730 1106 1781 aliud
1126 1747 1436 1798 apparemus.
1459 1731 1580 1782 sed
1566 1749 1616 1783 m
1633 1749 1738 1784 om-

149 1812 289 1863 nibus
319 1818 365 1862 et
384 1813 575 1860 omnino
606 1815 761 1875 aperte
784 1811 1027 1859 vobiscum
1048 1812 1257 1875 agimm,
1298 1810 1359 1859 ita
1381 1815 1502 1859 utet
1525 1807 1660 1860 dictis
1693 1817 1741 1861 et

143 1889 283 1941 iactis
309 1892 451 1940 simus
471 1890 608 1939 vobis
632 1887 878 1939 manifesti.

222 1965 304 2019 An
323 1964 389 2018 D.
415 1963 584 2016 Paulus
611 1985 773 2017 revera
793 1965 929 2016 fuerit
949 1981 1166 2016 sermone
1187 1965 1464 2031 imperitus?
1538 1999 1540 2001 -

222 2043 511 2110 Respondeo
533 2048 680 2111 primo
696 2081 708 2104 ‚
735 2043 860 2111 quod
880 2045 980 2092 sine
999 2042 1299 2092 fundamento
1320 2058 1382 2092 ex
1402 2041 1495 2092 hoc
1515 2041 1740 2094 versiculo

144 2125 418 2189 'collegerint
445 2124 579 2190 aliqui
601 2121 663 2172 D.
685 2119 878 2171 Paulum
898 2119 1034 2170 fuisse
1057 2119 1244 2170 balbum
1258 2156 1272 2181 ‚
1293 2136 1374 2170 seu
1392 2119 1630 2187 impeditae
1650 2120 1741 2171 lin-

144 2220 255 2270 guae
269 2220 281 2251 ε
295 2203 459 2251 dicitur
477 2204 600 2251 enim
612 2200 689 2251 hic
701 2204 761 2250 im
768 2199 1118 2267 peritus‚idiota,
1134 2198 1347 2263 incultuS,
1362 2216 1459 2249 non
1479 2199 1743 2265 impeditus-

224 2282 516 2350 Respondeo
532 2281 751 2331 *secundo
766 2319 779 2343 ‚
804 2280 931 2347 quod
952 2277 1012 2330 D.
1034 2277 1181 2330 Paulo
1214 2296 1313 2328 non
1334 2277 1526 2329 adfuerit
1556 2295 1746 2336 sermo-2

151 2366 225 2414 nis
257 2363 553 2429 perspicuitas
570 2395 584 2422 ‚
612 2377 700 2410 nec
731 2355 884 2409 Graeci
911 2361 1138 2408 sermonis
1162 2357 1385 2422 elegantia
1404 2393 1420 2418 ‚
1446 2363 1641 2422 utpatet
1663 2355 1745 2408 le·-

121 2435 284 2506 'genti
319 2457 330 2487 :
363 2437 446 2487 sed
473 2439 519 2486 in
546 2436 647 2486 rudi
683 2452 899 2486 sermone
924 2433 1007 2485 suit
1043 2435 1102 2484 illi
1135 2432 1666 2499 nervosaeloquentia,
1698 2441 1746 2483 et

147 2518 239 2567 ubi
261 2514 421 2578 voluit,
447 2515 655 2565 divinum
681 2513 865 2564 dicendi
886 2513 1139 2565 artificium.
1388 2553 1390 2555 >

231 2592 362 2645 Hinc
384 2594 521 2660 aliqui
548 2592 704 2659 dicunt
732 2592 856 2643 illurn
885 2591 1343 2658 eloquentissimum,
1383 2598 1434 2642 ut
1452 2587 1519 2640 D.
1544 2586 1748 2654 Augus-

154 2679 310 2736 tinus;
341 2674 415 2725 alii
437 2663 608 2739 negant
630 2713 644 2738 ‚
664 2683 714 2725 ut
742 2670 1000 2740 Origenes»,
1030 2681 1073 2722 et
1099 2671 1161 2724 D.
1181 2670 1517 2739 Hieronymus.
1546 2696 1547 2699 ¹
1639 2683 1641 2686 ·
1688 2664 1693 2668 ’

227 2750 295 2817 ss.
330 2773 375 2820 7.
393 2754 501 2803 Aut
525 2753 758 2818 numquid
788 2760 1033 2818 peccatum
1050 2748 1188 2812 fieci.
1191 2787 1257 2803 ....
1292 2747 1378 2802 Gr.
1410 2760 1476 2799 'an
1508 2754 1751 2815 peccatum

155 2834 299 2891 seci...
304 2833 445 2903 .Syr.
465 2842 540 2884 aut
565 2833 683 2885 forte
706 2834 882 2899 culpam
909 2831 1232 2883 commisi....?
1715 2838 1719 2876 ἲ

233 2913 326 2966 His
347 2914 501 2967 verbis
529 2906 800 2965 Corinthios
818 2914 977 2963 aeriter
998 2914 1187 2980 pungit,
1213 2908 1349 2962 simul
1369 2915 1416 2961 et
1439 2921 1659 2975 magnum
1676 2900 1794 2955 sui
