1794 3210
158 103 261 164 350
624 129 882 166 Epls‘roLAE
917 132 1009 168 Au
1035 132 1269 172 ons-ns
1342 127 1361 136 ”

157 203 283 269 quod
307 203 652 268 oppositionem
675 199 803 254 Pauli
839 221 972 270 aequo
1000 209 1156 284 animo
1179 214 1445 277 susceperit.
1465 199 1732 321 ‘I'lleophy-
1751 220 1763 237 ⁴‘

154 280 311 332 lactus

175 356 389 410 Petrus
409 360 589 411 silentio
612 361 733 411 dicta
766 363 1022 425 confirmat.
1047 363 1395 422 TheodoretuS.

221 435 335 490 Adv
323 449 434 491 erte
450 449 605 491 autem
629 448 674 491 et
701 449 808 492 nota
844 461 1135 509 progressum
1155 453 1381 500 sermonis
1405 453 1658 522 apostolici.

152 515 412 580 Primo,
452 520 652 569 ostendit
683 537 734 570 se
761 521 818 569 ab
858 523 959 587 ipso
995 520 1179 577 Christo
1207 525 1413 580 Domino
1443 528 1726 612 Apostolum

151 597 290 648 fuisse
321 599 594 648 institutum.

139 755 145 760 ἢ
217 682 463 745 Secundo,
495 701 623 734 suam
657 683 911 734 doctrinam
950 684 1008 735 de
1051 688 1398 744 circumcisione
1425 697 1639 763 abrogata
1678 709 1725 760 et

150 761 414 817 Gentilibus
434 783 530 815 non
550 760 857 832 mipOssenda,
883 768 932 815 in
958 767 1154 818 concilio
1173 766 1563 841 Jerosolymitano
1582 777 1723 832 fuisse

149 845 498 902 confirmatam;
541 845 597 893 ab
642 840 975 909 Apostolorum
1021 848 1244 911 primariis
1279 869 1331 903 se
1367 855 1416 902 in
1445 857 1724 946 apostolatus

147 925 323 972 socium
350 928 584 987 receptum
612 919 767 970 fuisse.

215 1006 460 1069 Tandem,
493 1008 716 1057 doctrinae
739 1024 833 1057 suae
849 1010 1088 1073 puritatem
1106 1018 1152 1061 et
1166 1028 1294 1060 suam
1317 1013 1362 1059 in
1386 1011 1502 1064 illius
1524 1033 1576 1065 v<
1574 1017 1718 1068 ritate
1764 1022 1766 1027 ’

144 1088 408 1139 firmitatem
427 1096 471 1138 et
495 1089 800 1137 constantiam
827 1087 1024 1137 ostendit
1045 1106 1103 1138 ex
1130 1107 1186 1138 eo
1205 1091 1329 1155 quod
1342 1089 1564 1143 Petrum
1552 1113 1716 1162 ipsum,

146 1183 250 1216 cum
275 1164 450 1216 Judaeis
476 1165 778 1228 judaizantem
795 1201 807 1225 ‚
832 1165 1012 1229 publice
1029 1169 1238 1231 arguerit.

213 1251 304 1303 His
333 1270 442 1318 ergo
467 1254 626 1318 positis
652 1251 709 1300 ad
735 1249 983 1301 calumnias
1005 1251 1265 1302 refutandas
1293 1258 1599 1318 necessariis.
1624 1257 1715 1320 jam
1768 1287 1773 1307 -,

141 1333 399 1398 aggreditur
420 1332 531 1398 legis
554 1333 902 1400 abrogationem
926 1332 1137 1397 probare.

210 1418 382 1471 Probat
417 1429 569 1470 autem
588 1458 602 1481 ‚
636 1422 785 1484 primo
808 1437 867 1469 ex
893 1419 1004 1484 legis
1034 1419 1356 1471 insufficientia
1377 1423 1435 1472 ad
1460 1416 1715 1485 justifican-

139 1501 280 1558 dum;
310 1509 468 1565 utpote
495 1517 600 1566 quae
638 1501 840 1549 instituta
862 1507 987 1562 erat,
1020 1518 1115 1550 non
1156 1501 1214 1549 ad
1248 1501 1452 1552 dandam.
1466 1490 1709 1567 iustitiam,

137 1579 220 1630 sed
242 1579 300 1631 ad
319 1579 667 1645 significandum
691 1587 736 1628 et
755 1577 1040 1643 figurandum
1065 1576 1326 1641 Christum,
1356 1598 1437 1645 per
1455 1599 1592 1648 quem
1616 1591 1713 1634 erat

136 1665 429 1723 peccatorum
457 1658 668 1706 remissio
692 1664 737 1704 et
762 1672 872 1705 vera
894 1657 1060 1717 justitia
1087 1655 1380 1708 conserenda.

164 1732 367 1800 Itaque
401 1735 490 1784 dici
515 1741 666 1800 potest
690 1733 811 1796 quod
833 1741 936 1798 post
959 1732 1122 1782 multas
1144 1733 1202 1782 de
1231 1733 1347 1785 sacto
1378 1735 1674 1819 probationes
1690 1774 1706 1799 ,

133 1814 202 1876 jus
242 1813 427 1862 tandem
470 1811 627 1876 allegat
666 1814 715 1860 in
755 1828 846 1877 quo
882 1809 995 1875 legis
1042 1812 1297 1877 abrogatio
1318 1803 1560 1877 fundatur
1576 1812 1710 1915 legis

132 1891 350 1939 nimirum
377 1888 762 1939 insufficientiam.
1601 1939 1605 1941 ,
1758 1884 1760 1887 ’

202 1971 316 2024 Hoc
335 1981 488 2023 autem
514 1957 682 2037 dogma
706 1975 773 2022 sic
797 1971 987 2037 allegat,
1016 1979 1065 2021 ut
1092 1989 1151 2022 ex
1173 1989 1229 2022 eo
1254 1973 1533 2024 absurdum'
1521 1991 1704 2042 impos-

130 2053 264 2104 sibile
286 2062 442 2103 contra
466 2069 574 2101 suos
597 2051 886 2102 adversarios
906 2050 1116 2101 deducat.

198 2123 258 2183 ss.
291 2130 370 2180 15.
393 2130 496 2178 Nos
523 2130 696 2178 natura
720 2129 943 2183 ,Τααῖιῐεάηχ
1758 2193 1764 2203 Ι

196 2215 313 2269 Non
348 2225 525 2268 constat
548 2217 667 2282 apud
691 2235 842 2266 sacros
881 2224 1086 2266 auctores
1110 2214 1170 2264 ad
1191 2232 1330 2279 quem
1346 2252 1359 2277 ,
1390 2225 1464 2266 aut
1487 2217 1546 2266 ad
1583 2235 1700 2284 quos
1760 2214 1767 2251 .'

125 2294 232 2346 haee
254 2294 399 2346 verba
421 2295 669 2358 dirigantur
691 2312 702 2343 z
732 2310 787 2342 an
817 2294 874 2341 sit
901 2292 1183 2341 continuatio
1206 2291 1536 2355 objurgationis
1548 2290 1694 2352 Petri,
1767 2319 1770 2321 ·

125 2383 178 2427 ut
215 2375 482 2426 existimant
514 2369 580 2423 D.
606 2369 929 2437 Hieronymus
969 2379 1014 2420 et
1041 2368 1372 2420 Theodoretus
1395 2390 1406 2419 ε
1430 2389 1512 2432 an,
1539 2363 1697 2425 relicto

124 2450 289 2515 Petro,
308 2468 574 2504 sermonem
585 2459 732 2503 vertat
749 2450 806 2500 ad
823 2467 984 2501 omnes
1000 2447 1031 2498 J
1037 2449 1193 2498 udaeos
1207 2457 1471 2514 praesentes,
1493 2453 1695 2518 seipsum
1775 2501 1778 2506 ,

126 2531 266 2582 etiam
286 2527 601 2596 comprehend
609 2546 827 2590 enS,non
841 2537 888 2579 ut
911 2525 1104 2578 Petrum
1125 2527 1314 2588 doceat,
1333 2527 1419 2577 sed
1432 2527 1694 2595 discipulos,
1730 2534 1739 2544 ‘

122 2615 185 2662 ait
209 2609 274 2663 D.
295 2609 692 2678 Chrysostomus:
717 2628 806 2674 an,
829 2616 1008 2660 mutato
1023 2625 1269 2669 sermone
1294 2608 1410 2658 clam
1430 2608 1487 2659 ad
1509 2606 1691 2663 Galatas

123 2707 204 2764 sua
227 2691 373 2743 verba
399 2690 577 2755 dirigat.

164 2777 306 2832 Hoc
318 2781 540 2844 posterius
558 2795 659 2828 cum
677 2777 903 2844 plerisque
917 2777 1246 2827 recentioribus
1262 2779 1326 2826 sic
1340 2776 1462 2842 ettgo
1473 2785 1689 2843 tanquam
1759 2789 1762 2803 ³

122 2856 400 2922 probabilius
418 2891 434 2919 ‚
474 2863 524 2905 ut
553 2854 693 2906 fatear
734 2863 922 2923 propter
958 2854 1050 2904 hoc
1094 2857 1143 2904 in
1185 2868 1236 2904 re
1279 2853 1394 2904 nihil
1430 2857 1691 2909 immutari:
1756 2888 1762 2914 ,-

120 2935 286 2987 eadem
307 2937 480 3002 quippe
508 2937 591 2984 erit
615 2933 1006 2997 ratiocinatio'3'ad
1034 2933 1628 3000 quemcumque'dirigatur.
1704 2928 1711 2933 ⁵
