<?xml version="1.0" encoding="UTF-8"?>
<!DOCTYPE html PUBLIC "-//W3C//DTD XHTML 1.0 Transitional//EN"
    "http://www.w3.org/TR/xhtml1/DTD/xhtml1-transitional.dtd">
<html xmlns="http://www.w3.org/1999/xhtml" xml:lang="en" lang="en">
 <head>
  <title>
</title>
<meta http-equiv="Content-Type" content="text/html;charset=utf-8" />
  <meta name='ocr-system' content='tesseract 3.04.00' />
  <meta name='ocr-capabilities' content='ocr_page ocr_carea ocr_par ocr_line ocrx_word'/>
</head>
<body>
  <div class='ocr_page' id='page_1' title='image "./epistolaumbpauli03picq_0211.png"; bbox 0 0 1794 3210; ppageno 0'>
   <div class='ocr_carea' id='block_1_1' title="bbox 437 65 1630 133">
    <p class='ocr_par' dir='ltr' id='par_1_1' title="bbox 437 65 1630 133">
     <span class='ocr_line' id='line_1_1' title="bbox 437 65 1630 133; baseline -0.01 -9"><span class='ocrx_word' id='word_1_1' title='bbox 437 86 667 124; x_wconf 69' lang='lat' dir='ltr'>’rntunx</span> <span class='ocrx_word' id='word_1_2' title='bbox 714 83 1004 122; x_wconf 81' lang='lat' dir='ltr'>EXPosl&#39;rto.</span> <span class='ocrx_word' id='word_1_3' title='bbox 1038 66 1156 133; x_wconf 81' lang='lat' dir='ltr'><strong><em>Cap.</em></strong></span> <span class='ocrx_word' id='word_1_4' title='bbox 1190 65 1257 118; x_wconf 85' lang='lat' dir='ltr'>X.</span> <span class='ocrx_word' id='word_1_5' title='bbox 1531 79 1630 132; x_wconf 80' lang='lat'>¹99</span> 
     </span>
    </p>
   </div>
   <div class='ocr_carea' id='block_1_2' title="bbox 81 223 1637 253">
    <p class='ocr_par' dir='ltr' id='par_1_2' title="bbox 81 223 1637 253">
     <span class='ocr_line' id='line_1_2' title="bbox 81 223 1637 253; baseline 0 2957"><span class='ocrx_word' id='word_1_6' title='bbox 81 223 1637 253; x_wconf 95' lang='lat' dir='ltr'> </span> 
     </span>
    </p>
   </div>
   <div class='ocr_carea' id='block_1_3' title="bbox 494 346 1204 406">
    <p class='ocr_par' dir='ltr' id='par_1_3' title="bbox 494 346 1204 406">
     <span class='ocr_line' id='line_1_3' title="bbox 494 346 1204 406; baseline -0.008 0"><span class='ocrx_word' id='word_1_7' title='bbox 494 349 765 406; x_wconf 82' lang='lat' dir='ltr'>CAPUT</span> <span class='ocrx_word' id='word_1_8' title='bbox 800 346 1204 405; x_wconf 81' lang='lat' dir='ltr'><strong>DECIMUM.</strong></span> 
     </span>
    </p>
   </div>
   <div class='ocr_carea' id='block_1_4' title="bbox 671 519 1001 585">
    <p class='ocr_par' dir='ltr' id='par_1_4' title="bbox 671 519 1001 585">
     <span class='ocr_line' id='line_1_4' title="bbox 671 519 1001 585; baseline 0.006 -17"><span class='ocrx_word' id='word_1_9' title='bbox 671 519 1001 585; x_wconf 78' lang='lat' dir='ltr'>Parophrasis.</span> 
     </span>
    </p>
   </div>
   <div class='ocr_carea' id='block_1_5' title="bbox 0 655 1702 1241">
    <p class='ocr_par' dir='ltr' id='par_1_5' title="bbox 0 655 1635 858">
     <span class='ocr_line' id='line_1_5' title="bbox 0 655 1635 780; baseline -0.004 -13"><span class='ocrx_word' id='word_1_10' title='bbox 0 701 2 703; x_wconf 64' lang='lat'>‚</span> <span class='ocrx_word' id='word_1_11' title='bbox 66 655 221 766; x_wconf 83' lang='lat' dir='ltr'>EGO</span> <span class='ocrx_word' id='word_1_12' title='bbox 240 723 394 766; x_wconf 87' lang='lat' dir='ltr'>autem</span> <span class='ocrx_word' id='word_1_13' title='bbox 414 717 511 780; x_wconf 87' lang='lat' dir='ltr'>ipse</span> <span class='ocrx_word' id='word_1_14' title='bbox 530 709 697 762; x_wconf 86' lang='lat' dir='ltr'>Paulus</span> <span class='ocrx_word' id='word_1_15' title='bbox 714 749 728 775; x_wconf 88' lang='lat'>‚</span> <span class='ocrx_word' id='word_1_16' title='bbox 749 721 902 763; x_wconf 85' lang='lat' dir='ltr'>vester</span> <span class='ocrx_word' id='word_1_17' title='bbox 931 709 1183 780; x_wconf 77' lang='lat' dir='ltr'>Apostolus</span> <span class='ocrx_word' id='word_1_18' title='bbox 1197 747 1211 774; x_wconf 90' lang='lat'>‚</span> <span class='ocrx_word' id='word_1_19' title='bbox 1235 710 1429 761; x_wconf 87' lang='lat' dir='ltr'>obsecro</span> <span class='ocrx_word' id='word_1_20' title='bbox 1449 726 1533 760; x_wconf 90' lang='lat' dir='ltr'>vos</span> <span class='ocrx_word' id='word_1_21' title='bbox 1551 726 1635 777; x_wconf 76' lang='lat' dir='ltr'>per</span> 
     </span>
     <span class='ocr_line' id='line_1_6' title="bbox 61 790 1111 858; baseline 0.002 -14"><span class='ocrx_word' id='word_1_22' title='bbox 61 790 233 844; x_wconf 87' lang='lat' dir='ltr'>Christi</span> <span class='ocrx_word' id='word_1_23' title='bbox 261 792 661 844; x_wconf 84' lang='lat' dir='ltr'>mansuetudinem</span> <span class='ocrx_word' id='word_1_24' title='bbox 681 809 733 842; x_wconf 88' lang='lat' dir='ltr'>ac</span> <span class='ocrx_word' id='word_1_25' title='bbox 752 793 1111 858; x_wconf 74' lang='lat' dir='ltr'>benIgnitatem:</span> 
     </span>
    </p>

    <p class='ocr_par' dir='ltr' id='par_1_6' title="bbox 57 864 1702 1088">
     <span class='ocr_line' id='line_1_7' title="bbox 108 864 1639 933; baseline -0.001 -15"><span class='ocrx_word' id='word_1_26' title='bbox 108 865 260 933; x_wconf 77' lang='lat' dir='ltr'>Ego,</span> <span class='ocrx_word' id='word_1_27' title='bbox 286 871 497 933; x_wconf 87' lang='lat' dir='ltr'>inquam,</span> <span class='ocrx_word' id='word_1_28' title='bbox 533 871 606 933; x_wconf 88' lang='lat' dir='ltr'>qui</span> <span class='ocrx_word' id='word_1_29' title='bbox 623 905 637 929; x_wconf 90' lang='lat'><strong>‚</strong></span> <span class='ocrx_word' id='word_1_30' title='bbox 674 877 724 918; x_wconf 84' lang='lat' dir='ltr'>ut</span> <span class='ocrx_word' id='word_1_31' title='bbox 759 870 881 917; x_wconf 87' lang='lat' dir='ltr'>aiunt:</span> <span class='ocrx_word' id='word_1_32' title='bbox 908 870 1236 918; x_wconf 74' lang='lat' dir='ltr'>obtrectatores</span> <span class='ocrx_word' id='word_1_33' title='bbox 1273 868 1363 916; x_wconf 88' lang='lat' dir='ltr'>mei</span> <span class='ocrx_word' id='word_1_34' title='bbox 1383 903 1396 928; x_wconf 94' lang='lat'>‚</span> <span class='ocrx_word' id='word_1_35' title='bbox 1433 874 1480 916; x_wconf 83' lang='lat' dir='ltr'>et</span> <span class='ocrx_word' id='word_1_36' title='bbox 1510 864 1639 932; x_wconf 77' lang='lat' dir='ltr'>quod</span> 
     </span>
     <span class='ocr_line' id='line_1_8' title="bbox 59 940 1702 1009; baseline 0.002 -17"><span class='ocrx_word' id='word_1_37' title='bbox 59 940 178 993; x_wconf 86' lang='lat' dir='ltr'>mihi</span> <span class='ocrx_word' id='word_1_38' title='bbox 196 952 381 994; x_wconf 80' lang='lat' dir='ltr'>vertunt</span> <span class='ocrx_word' id='word_1_39' title='bbox 402 946 678 1005; x_wconf 79' lang='lat' dir='ltr'>vitio‚c1&#39;1m</span> <span class='ocrx_word' id='word_1_40' title='bbox 700 943 821 1009; x_wconf 82' lang='lat' dir='ltr'>apud</span> <span class='ocrx_word' id='word_1_41' title='bbox 844 960 930 992; x_wconf 83' lang='lat' dir='ltr'>vos</span> <span class='ocrx_word' id='word_1_42' title='bbox 945 961 1045 993; x_wconf 86' lang='lat' dir='ltr'>sum</span> <span class='ocrx_word' id='word_1_43' title='bbox 1062 960 1286 1009; x_wconf 85' lang='lat' dir='ltr'>praesens,</span> <span class='ocrx_word' id='word_1_44' title='bbox 1312 942 1543 994; x_wconf 87' lang='lat' dir='ltr'>humiliter</span> <span class='ocrx_word' id='word_1_45' title='bbox 1559 943 1636 996; x_wconf 69' lang='lat' dir='ltr'>me</span> <span class='ocrx_word' id='word_1_46' title='bbox 1700 962 1702 964; x_wconf 85' lang='lat'>·</span> 
     </span>
     <span class='ocr_line' id='line_1_9' title="bbox 57 1038 206 1088; baseline -0.007 -15"><span class='ocrx_word' id='word_1_47' title='bbox 57 1038 203 1088; x_wconf 83' lang='lat' dir='ltr'>gero·</span> <span class='ocrx_word' id='word_1_48' title='bbox 189 1059 206 1082; x_wconf 84' lang='lat'>‚</span> 
     </span>
    </p>

    <p class='ocr_par' dir='ltr' id='par_1_7' title="bbox 65 1095 1636 1241">
     <span class='ocr_line' id='line_1_10' title="bbox 124 1095 1636 1161; baseline 0.001 -13"><span class='ocrx_word' id='word_1_49' title='bbox 124 1095 188 1148; x_wconf 86' lang='lat' dir='ltr'>Et</span> <span class='ocrx_word' id='word_1_50' title='bbox 207 1097 310 1148; x_wconf 67' lang='grc' dir='ltr'>οὔπη</span> <span class='ocrx_word' id='word_1_51' title='bbox 333 1100 495 1149; x_wconf 84' lang='lat' dir='ltr'>absum</span> <span class='ocrx_word' id='word_1_52' title='bbox 515 1101 540 1147; x_wconf 76' lang='grc' dir='ltr'>ὲ</span> <span class='ocrx_word' id='word_1_53' title='bbox 558 1098 722 1161; x_wconf 82' lang='lat' dir='ltr'>vobis,</span> <span class='ocrx_word' id='word_1_54' title='bbox 739 1096 980 1159; x_wconf 80' lang='lat' dir='ltr'>audacter,</span> <span class='ocrx_word' id='word_1_55' title='bbox 1004 1105 1050 1146; x_wconf 86' lang='lat' dir='ltr'>et</span> <span class='ocrx_word' id='word_1_56' title='bbox 1072 1114 1175 1146; x_wconf 89' lang='lat' dir='ltr'>cum</span> <span class='ocrx_word' id='word_1_57' title='bbox 1197 1100 1459 1148; x_wconf 83' lang='lat' dir='ltr'>auctoritate</span> <span class='ocrx_word' id='word_1_58' title='bbox 1480 1100 1527 1149; x_wconf 90' lang='lat' dir='ltr'>in</span> <span class='ocrx_word' id='word_1_59' title='bbox 1547 1115 1636 1150; x_wconf 82' lang='lat' dir='ltr'>vos</span> 
     </span>
     <span class='ocr_line' id='line_1_11' title="bbox 65 1190 169 1241; baseline 0.01 -17"><span class='ocrx_word' id='word_1_60' title='bbox 65 1190 169 1241; x_wconf 72' lang='lat' dir='ltr'>ago·</span> 
     </span>
    </p>
   </div>
   <div class='ocr_carea' id='block_1_6' title="bbox 52 1286 1634 1513">
    <p class='ocr_par' dir='ltr' id='par_1_8' title="bbox 52 1286 1634 1513">
     <span class='ocr_line' id='line_1_12' title="bbox 124 1286 1633 1359; baseline 0 -18"><span class='ocrx_word' id='word_1_61' title='bbox 124 1286 264 1356; x_wconf 84' lang='lat' dir='ltr'>Rogo</span> <span class='ocrx_word' id='word_1_62' title='bbox 290 1299 441 1341; x_wconf 81' lang='lat' dir='ltr'>autern</span> <span class='ocrx_word' id='word_1_63' title='bbox 461 1307 547 1341; x_wconf 90' lang='lat' dir='ltr'>vos</span> <span class='ocrx_word' id='word_1_64' title='bbox 568 1326 582 1352; x_wconf 88' lang='lat'>‚</span> <span class='ocrx_word' id='word_1_65' title='bbox 607 1308 666 1340; x_wconf 89' lang='lat' dir='ltr'>ne</span> <span class='ocrx_word' id='word_1_66' title='bbox 692 1307 829 1354; x_wconf 80' lang='lat' dir='ltr'>cogar</span> <span class='ocrx_word' id='word_1_67' title='bbox 849 1326 864 1352; x_wconf 84' lang='lat'><strong>‚</strong></span> <span class='ocrx_word' id='word_1_68' title='bbox 905 1294 1011 1340; x_wconf 76' lang='lat' dir='ltr'>cum</span> <span class='ocrx_word' id='word_1_69' title='bbox 1033 1290 1155 1357; x_wconf 83' lang='lat' dir='ltr'>apud</span> <span class='ocrx_word' id='word_1_70' title='bbox 1185 1309 1269 1341; x_wconf 84' lang='lat' dir='ltr'>vos</span> <span class='ocrx_word' id='word_1_71' title='bbox 1292 1309 1371 1342; x_wconf 88' lang='lat' dir='ltr'>ero</span> <span class='ocrx_word' id='word_1_72' title='bbox 1388 1330 1403 1356; x_wconf 90' lang='lat'><strong>‚</strong></span> <span class='ocrx_word' id='word_1_73' title='bbox 1431 1287 1485 1343; x_wconf 61' lang='lat' dir='ltr'>ea</span> <span class='ocrx_word' id='word_1_74' title='bbox 1506 1291 1633 1359; x_wconf 86' lang='lat' dir='ltr'>fidu-</span> 
     </span>
     <span class='ocr_line' id='line_1_13' title="bbox 53 1362 1634 1435; baseline 0.002 -18"><span class='ocrx_word' id='word_1_75' title='bbox 53 1362 126 1417; x_wconf 63' lang='lat' dir='ltr'>cia</span> <span class='ocrx_word' id='word_1_76' title='bbox 150 1370 213 1416; x_wconf 91' lang='lat' dir='ltr'>uti</span> <span class='ocrx_word' id='word_1_77' title='bbox 233 1402 249 1428; x_wconf 85' lang='lat'>,</span> <span class='ocrx_word' id='word_1_78' title='bbox 275 1365 363 1432; x_wconf 62' lang='lat' dir='ltr'>qud</span> <span class='ocrx_word' id='word_1_79' title='bbox 387 1366 552 1416; x_wconf 84' lang='lat' dir='ltr'>absens</span> <span class='ocrx_word' id='word_1_80' title='bbox 587 1368 824 1415; x_wconf 83' lang='lat' dir='ltr'>existimor</span> <span class='ocrx_word' id='word_1_81' title='bbox 862 1365 1060 1425; x_wconf 80' lang='lat' dir='ltr'>audere3</span> <span class='ocrx_word' id='word_1_82' title='bbox 1098 1384 1176 1417; x_wconf 85' lang='lat' dir='ltr'>seu</span> <span class='ocrx_word' id='word_1_83' title='bbox 1197 1405 1211 1429; x_wconf 86' lang='lat'>‚</span> <span class='ocrx_word' id='word_1_84' title='bbox 1238 1386 1299 1418; x_wconf 91' lang='lat' dir='ltr'>ne</span> <span class='ocrx_word' id='word_1_85' title='bbox 1323 1386 1457 1435; x_wconf 80' lang='lat' dir='ltr'>cogar</span> <span class='ocrx_word' id='word_1_86' title='bbox 1481 1386 1634 1420; x_wconf 85' lang='lat' dir='ltr'>meam</span> 
     </span>
     <span class='ocr_line' id='line_1_14' title="bbox 52 1443 1631 1513; baseline 0.002 -18"><span class='ocrx_word' id='word_1_87' title='bbox 52 1451 326 1512; x_wconf 82' lang='lat' dir='ltr'>potestatem</span> <span class='ocrx_word' id='word_1_88' title='bbox 347 1443 558 1495; x_wconf 79' lang='lat' dir='ltr'>audacter</span> <span class='ocrx_word' id='word_1_89' title='bbox 574 1460 791 1493; x_wconf 83' lang='lat' dir='ltr'>exercere</span> <span class='ocrx_word' id='word_1_90' title='bbox 816 1446 860 1493; x_wconf 91' lang='lat' dir='ltr'>in</span> <span class='ocrx_word' id='word_1_91' title='bbox 877 1443 1098 1510; x_wconf 87' lang='lat' dir='ltr'>quosdam</span> <span class='ocrx_word' id='word_1_92' title='bbox 1119 1449 1145 1494; x_wconf 78' lang='grc' dir='ltr'>ὲ</span> <span class='ocrx_word' id='word_1_93' title='bbox 1163 1447 1298 1496; x_wconf 87' lang='lat' dir='ltr'>vobis</span> <span class='ocrx_word' id='word_1_94' title='bbox 1312 1483 1325 1509; x_wconf 88' lang='lat'>‚</span> <span class='ocrx_word' id='word_1_95' title='bbox 1352 1450 1428 1513; x_wconf 86' lang='lat' dir='ltr'>qui</span> <span class='ocrx_word' id='word_1_96' title='bbox 1451 1452 1475 1498; x_wconf 77' lang='grc' dir='ltr'>ὲ</span> <span class='ocrx_word' id='word_1_97' title='bbox 1497 1446 1631 1513; x_wconf 67' lang='grc' dir='ltr'>ρέειι·</span> 
     </span>
    </p>
   </div>
   <div class='ocr_carea' id='block_1_7' title="bbox 54 1524 1709 1594">
    <p class='ocr_par' dir='ltr' id='par_1_9' title="bbox 54 1524 1709 1594">
     <span class='ocr_line' id='line_1_15' title="bbox 54 1524 1709 1594; baseline 0.004 -17"><span class='ocrx_word' id='word_1_98' title='bbox 54 1525 331 1594; x_wconf 80' lang='lat' dir='ltr'>doapostolis</span> <span class='ocrx_word' id='word_1_99' title='bbox 353 1524 552 1589; x_wconf 83' lang='lat' dir='ltr'>seducti,</span> <span class='ocrx_word' id='word_1_100' title='bbox 579 1528 940 1576; x_wconf 64' lang='lat' dir='ltr'>existimantnos</span> <span class='ocrx_word' id='word_1_101' title='bbox 964 1528 1220 1579; x_wconf 73' lang='lat' dir='ltr'>secundum</span> <span class='ocrx_word' id='word_1_102' title='bbox 1242 1546 1425 1580; x_wconf 89' lang='lat' dir='ltr'>carnem</span> <span class='ocrx_word' id='word_1_103' title='bbox 1451 1533 1632 1584; x_wconf 80' lang='lat' dir='ltr'>vivere·</span> <span class='ocrx_word' id='word_1_104' title='bbox 1702 1580 1709 1588; x_wconf 89' lang='grc'>,</span> 
     </span>
    </p>
   </div>
   <div class='ocr_carea' id='block_1_8' title="bbox 55 1677 1628 1821">
    <p class='ocr_par' dir='ltr' id='par_1_10' title="bbox 55 1677 1628 1821">
     <span class='ocr_line' id='line_1_16' title="bbox 121 1677 1628 1744; baseline 0.002 -11"><span class='ocrx_word' id='word_1_105' title='bbox 121 1677 314 1733; x_wconf 82' lang='lat' dir='ltr'>Etenim</span> <span class='ocrx_word' id='word_1_106' title='bbox 335 1678 467 1744; x_wconf 68' lang='lat' dir='ltr'>licet,</span> <span class='ocrx_word' id='word_1_107' title='bbox 502 1679 596 1730; x_wconf 85' lang='lat' dir='ltr'>aliis</span> <span class='ocrx_word' id='word_1_108' title='bbox 619 1679 886 1732; x_wconf 86' lang='lat' dir='ltr'>hominibus</span> <span class='ocrx_word' id='word_1_109' title='bbox 912 1680 1120 1744; x_wconf 80' lang='lat' dir='ltr'>similes,</span> <span class='ocrx_word' id='word_1_110' title='bbox 1159 1683 1208 1731; x_wconf 91' lang='lat' dir='ltr'>in</span> <span class='ocrx_word' id='word_1_111' title='bbox 1244 1698 1380 1732; x_wconf 84' lang='lat' dir='ltr'>carne</span> <span class='ocrx_word' id='word_1_112' title='bbox 1415 1682 1628 1736; x_wconf 74' lang='lat' dir='ltr'>vivamus</span> 
     </span>
     <span class='ocr_line' id='line_1_17' title="bbox 55 1758 267 1821; baseline -0.009 -11"><span class='ocrx_word' id='word_1_113' title='bbox 55 1758 235 1810; x_wconf 74' lang='lat' dir='ltr'>infirma</span> <span class='ocrx_word' id='word_1_114' title='bbox 252 1795 267 1821; x_wconf 84' lang='lat'><strong>‚</strong></span> 
     </span>
    </p>
   </div>
   <div class='ocr_carea' id='block_1_9' title="bbox 51 1834 1625 1981">
    <p class='ocr_par' dir='ltr' id='par_1_11' title="bbox 51 1834 1625 1981">
     <span class='ocr_line' id='line_1_18' title="bbox 122 1834 1625 1910; baseline 0.001 -23"><span class='ocrx_word' id='word_1_115' title='bbox 122 1834 236 1887; x_wconf 91' lang='lat' dir='ltr'>Non</span> <span class='ocrx_word' id='word_1_116' title='bbox 264 1844 416 1887; x_wconf 87' lang='lat' dir='ltr'>tamen</span> <span class='ocrx_word' id='word_1_117' title='bbox 438 1835 690 1886; x_wconf 74' lang='lat' dir='ltr'>secuudum</span> <span class='ocrx_word' id='word_1_118' title='bbox 711 1854 922 1900; x_wconf 85' lang='lat' dir='ltr'>carnem,</span> <span class='ocrx_word' id='word_1_119' title='bbox 952 1846 1027 1887; x_wconf 84' lang='lat' dir='ltr'>aut</span> <span class='ocrx_word' id='word_1_120' title='bbox 1052 1838 1250 1888; x_wconf 82' lang='lat' dir='ltr'>carnales</span> <span class='ocrx_word' id='word_1_121' title='bbox 1273 1838 1469 1910; x_wconf 77' lang='lat' dir='ltr'>affectus</span> <span class='ocrx_word' id='word_1_122' title='bbox 1494 1837 1625 1889; x_wconf 81' lang='lat' dir='ltr'>mili-</span> 
     </span>
     <span class='ocr_line' id='line_1_19' title="bbox 51 1916 1357 1981; baseline -0.002 -12"><span class='ocrx_word' id='word_1_123' title='bbox 51 1925 220 1980; x_wconf 78' lang='lat' dir='ltr'>tamus,</span> <span class='ocrx_word' id='word_1_124' title='bbox 249 1933 332 1967; x_wconf 86' lang='lat' dir='ltr'>seu</span> <span class='ocrx_word' id='word_1_125' title='bbox 369 1916 684 1981; x_wconf 83' lang='lat' dir='ltr'>evangelicum</span> <span class='ocrx_word' id='word_1_126' title='bbox 714 1933 985 1968; x_wconf 83' lang='lat' dir='ltr'>exercemus</span> <span class='ocrx_word' id='word_1_127' title='bbox 1015 1920 1357 1976; x_wconf 82' lang='lat' dir='ltr'>ministerium:</span> 
     </span>
    </p>
   </div>
   <div class='ocr_carea' id='block_1_10' title="bbox 3 2016 1689 2318">
    <p class='ocr_par' dir='ltr' id='par_1_12' title="bbox 3 2016 1689 2312">
     <span class='ocr_line' id='line_1_20' title="bbox 120 2016 1689 2091; baseline -0.001 -15"><span class='ocrx_word' id='word_1_128' title='bbox 120 2021 246 2076; x_wconf 85' lang='lat' dir='ltr'>Nam</span> <span class='ocrx_word' id='word_1_129' title='bbox 277 2022 411 2086; x_wconf 89' lang='lat' dir='ltr'>hujus</span> <span class='ocrx_word' id='word_1_130' title='bbox 434 2022 607 2074; x_wconf 83' lang='lat' dir='ltr'>militiae</span> <span class='ocrx_word' id='word_1_131' title='bbox 631 2032 798 2074; x_wconf 85' lang='lat' dir='ltr'>nostrae</span> <span class='ocrx_word' id='word_1_132' title='bbox 838 2042 961 2074; x_wconf 85' lang='lat' dir='ltr'>arma</span> <span class='ocrx_word' id='word_1_133' title='bbox 987 2033 1117 2088; x_wconf 88' lang='lat' dir='ltr'>sunt,</span> <span class='ocrx_word' id='word_1_134' title='bbox 1157 2044 1255 2076; x_wconf 91' lang='lat' dir='ltr'>non</span> <span class='ocrx_word' id='word_1_135' title='bbox 1287 2027 1511 2091; x_wconf 83' lang='lat' dir='ltr'>carnalia,</span> <span class='ocrx_word' id='word_1_136' title='bbox 1543 2022 1630 2076; x_wconf 79' lang='lat' dir='ltr'>sed</span> <span class='ocrx_word' id='word_1_137' title='bbox 1687 2016 1689 2019; x_wconf 47' lang='grc'>’</span> 
     </span>
     <span class='ocr_line' id='line_1_21' title="bbox 3 2104 324 2174; baseline -0.012 -17"><span class='ocrx_word' id='word_1_138' title='bbox 3 2128 13 2142; x_wconf 68' lang='lat'>=</span> <span class='ocrx_word' id='word_1_139' title='bbox 26 2154 37 2167; x_wconf 69' lang='grc'>,</span> <span class='ocrx_word' id='word_1_140' title='bbox 56 2104 322 2174; x_wconf 71' lang='lat' dir='ltr'>spiritualia</span> <span class='ocrx_word' id='word_1_141' title='bbox 312 2142 324 2164; x_wconf 89' lang='grc'>,</span> 
     </span>
     <span class='ocr_line' id='line_1_22' title="bbox 122 2177 1627 2277; baseline 0.001 -46"><span class='ocrx_word' id='word_1_142' title='bbox 122 2178 314 2248; x_wconf 85' lang='lat' dir='ltr'>anue,</span> <span class='ocrx_word' id='word_1_143' title='bbox 340 2177 431 2231; x_wconf 78' lang='lat' dir='ltr'>Dei</span> <span class='ocrx_word' id='word_1_144' title='bbox 453 2182 643 2241; x_wconf 82' lang='lat' dir='ltr'>virtute,</span> <span class='ocrx_word' id='word_1_145' title='bbox 676 2184 996 2248; x_wconf 83' lang='lat' dir='ltr'>potentissima</span> <span class='ocrx_word' id='word_1_146' title='bbox 1017 2182 1073 2233; x_wconf 89' lang='lat' dir='ltr'>ad</span> <span class='ocrx_word' id='word_1_147' title='bbox 1102 2183 1382 2277; x_wconf 86' lang='lat' dir='ltr'>evertendas</span> <span class='ocrx_word' id='word_1_148' title='bbox 1401 2183 1627 2235; x_wconf 85' lang='lat' dir='ltr'>adversa-</span> 
     </span>
     <span class='ocr_line' id='line_1_23' title="bbox 61 2261 848 2318; baseline 0 -6"><span class='ocrx_word' id='word_1_149' title='bbox 61 2261 231 2312; x_wconf 74' lang='lat' dir='ltr'>riorum</span> <span class='ocrx_word' id='word_1_150' title='bbox 255 2268 516 2311; x_wconf 83' lang='lat' dir='ltr'>nostrorum</span> <span class='ocrx_word' id='word_1_151' title='bbox 538 2263 848 2318; x_wconf 73' lang='lat' dir='ltr'>munitiones:</span> 
     </span>
    </p>
   </div>
   <div class='ocr_carea' id='block_1_11' title="bbox 64 2333 1721 2478">
    <p class='ocr_par' dir='ltr' id='par_1_13' title="bbox 64 2333 1721 2468">
     <span class='ocr_line' id='line_1_24' title="bbox 74 2333 1721 2443; baseline 0.006 -57.299"><span class='ocrx_word' id='word_1_152' title='bbox 74 2333 309 2400; x_wconf 89' lang='lat' dir='ltr'>Quibus</span> <span class='ocrx_word' id='word_1_153' title='bbox 334 2339 490 2386; x_wconf 87' lang='lat' dir='ltr'>armati</span> <span class='ocrx_word' id='word_1_154' title='bbox 526 2336 799 2388; x_wconf 83' lang='lat' dir='ltr'>destruimus</span> <span class='ocrx_word' id='word_1_155' title='bbox 826 2336 1252 2406; x_wconf 77' lang='lat' dir='ltr'>Philosophorum,</span> <span class='ocrx_word' id='word_1_156' title='bbox 1279 2342 1420 2393; x_wconf 86' lang='lat' dir='ltr'>fidem</span> <span class='ocrx_word' id='word_1_157' title='bbox 1442 2359 1628 2443; x_wconf 79' lang='lat' dir='ltr'>oppug-</span> <span class='ocrx_word' id='word_1_158' title='bbox 1704 2359 1721 2370; x_wconf 66' lang='grc'><strong>“</strong></span> 
     </span>
     <span class='ocr_line' id='line_1_25' title="bbox 64 2416 708 2478; baseline 0.002 -11"><span class='ocrx_word' id='word_1_159' title='bbox 64 2418 295 2478; x_wconf 83' lang='lat' dir='ltr'>nantium,</span> <span class='ocrx_word' id='word_1_160' title='bbox 324 2416 708 2468; x_wconf 75' lang='lat' dir='ltr'>ratiocinatIOnes.</span> 
     </span>
    </p>
   </div>
   <div class='ocr_carea' id='block_1_12' title="bbox 56 2577 1631 2808">
    <p class='ocr_par' dir='ltr' id='par_1_14' title="bbox 56 2577 1631 2808">
     <span class='ocr_line' id='line_1_26' title="bbox 127 2577 1631 2659; baseline 0.007 -27.007"><span class='ocrx_word' id='word_1_161' title='bbox 127 2577 192 2633; x_wconf 86' lang='lat' dir='ltr'>Et</span> <span class='ocrx_word' id='word_1_162' title='bbox 217 2597 401 2633; x_wconf 89' lang='lat' dir='ltr'>omnem</span> <span class='ocrx_word' id='word_1_163' title='bbox 421 2584 707 2635; x_wconf 81' lang='lat' dir='ltr'>altitudinem</span> <span class='ocrx_word' id='word_1_164' title='bbox 725 2588 931 2637; x_wconf 84' lang='lat' dir='ltr'>scientiae</span> <span class='ocrx_word' id='word_1_165' title='bbox 952 2584 1169 2636; x_wconf 83' lang='lat' dir='ltr'>humanae</span> <span class='ocrx_word' id='word_1_166' title='bbox 1186 2596 1229 2637; x_wconf 90' lang='lat' dir='ltr'>et</span> <span class='ocrx_word' id='word_1_167' title='bbox 1250 2593 1506 2654; x_wconf 86' lang='lat' dir='ltr'>sermonis,</span> <span class='ocrx_word' id='word_1_168' title='bbox 1528 2609 1631 2659; x_wconf 79' lang='lat' dir='ltr'>quae</span> 
     </span>
     <span class='ocr_line' id='line_1_27' title="bbox 67 2657 863 2726; baseline 0.001 -13"><span class='ocrx_word' id='word_1_169' title='bbox 67 2677 168 2718; x_wconf 71' lang='lat' dir='ltr'>sese</span> <span class='ocrx_word' id='word_1_170' title='bbox 191 2669 347 2711; x_wconf 85' lang='lat' dir='ltr'>contra</span> <span class='ocrx_word' id='word_1_171' title='bbox 367 2657 670 2726; x_wconf 80' lang='lat' dir='ltr'>Evangelium</span> <span class='ocrx_word' id='word_1_172' title='bbox 695 2662 863 2720; x_wconf 80' lang='lat' dir='ltr'>osfert;</span> 
     </span>
     <span class='ocr_line' id='line_1_28' title="bbox 56 2735 1631 2808; baseline 0.006 -21"><span class='ocrx_word' id='word_1_173' title='bbox 56 2745 60 2750; x_wconf 84' lang='grc'><strong>“</strong></span> <span class='ocrx_word' id='word_1_174' title='bbox 128 2735 196 2787; x_wconf 82' lang='lat' dir='ltr'>Et</span> <span class='ocrx_word' id='word_1_175' title='bbox 234 2737 555 2803; x_wconf 84' lang='lat' dir='ltr'>quodcumque</span> <span class='ocrx_word' id='word_1_176' title='bbox 592 2741 822 2805; x_wconf 82' lang='lat' dir='ltr'>ingenium</span> <span class='ocrx_word' id='word_1_177' title='bbox 842 2778 853 2803; x_wconf 89' lang='lat'><strong>‚</strong></span> <span class='ocrx_word' id='word_1_178' title='bbox 895 2741 1224 2808; x_wconf 82' lang='lat' dir='ltr'>quantumlibet</span> <span class='ocrx_word' id='word_1_179' title='bbox 1272 2743 1535 2807; x_wconf 81' lang='lat' dir='ltr'>excellens,</span> <span class='ocrx_word' id='word_1_180' title='bbox 1578 2753 1631 2797; x_wconf 70' lang='lat' dir='ltr'>et</span> 
     </span>
    </p>
   </div>
   <div class='ocr_carea' id='block_1_13' title="bbox 60 2815 1628 2962">
    <p class='ocr_par' dir='ltr' id='par_1_15' title="bbox 60 2815 1628 2962">
     <span class='ocr_line' id='line_1_29' title="bbox 60 2815 1628 2886; baseline 0.006 -20"><span class='ocrx_word' id='word_1_181' title='bbox 60 2815 219 2866; x_wconf 77' lang='lat' dir='ltr'>studiis</span> <span class='ocrx_word' id='word_1_182' title='bbox 240 2817 466 2868; x_wconf 82' lang='lat' dir='ltr'>excultum</span> <span class='ocrx_word' id='word_1_183' title='bbox 484 2853 497 2878; x_wconf 84' lang='lat'>‚</span> <span class='ocrx_word' id='word_1_184' title='bbox 523 2817 726 2869; x_wconf 90' lang='lat' dir='ltr'>ducimus</span> <span class='ocrx_word' id='word_1_185' title='bbox 749 2822 980 2886; x_wconf 85' lang='lat' dir='ltr'>captivum</span> <span class='ocrx_word' id='word_1_186' title='bbox 998 2821 1058 2870; x_wconf 80' lang='lat' dir='ltr'>ad</span> <span class='ocrx_word' id='word_1_187' title='bbox 1081 2822 1399 2874; x_wconf 86' lang='lat' dir='ltr'>obediendum</span> <span class='ocrx_word' id='word_1_188' title='bbox 1433 2818 1628 2876; x_wconf 83' lang='lat' dir='ltr'>Christo</span> 
     </span>
     <span class='ocr_line' id='line_1_30' title="bbox 61 2887 1218 2962; baseline 0.01 -22"><span class='ocrx_word' id='word_1_189' title='bbox 61 2887 265 2943; x_wconf 86' lang='lat' dir='ltr'>Domino</span> <span class='ocrx_word' id='word_1_190' title='bbox 281 2929 295 2957; x_wconf 91' lang='lat'>,</span> <span class='ocrx_word' id='word_1_191' title='bbox 322 2912 403 2962; x_wconf 85' lang='lat' dir='ltr'>per</span> <span class='ocrx_word' id='word_1_192' title='bbox 428 2894 723 2947; x_wconf 82' lang='lat' dir='ltr'>voluntariam</span> <span class='ocrx_word' id='word_1_193' title='bbox 747 2895 856 2948; x_wconf 84' lang='lat' dir='ltr'>fidei</span> <span class='ocrx_word' id='word_1_194' title='bbox 881 2896 1218 2951; x_wconf 76' lang='lat' dir='ltr'>humilitatem.&#39;</span> 
     </span>
    </p>
   </div>
  </div>
 </body>
</html>
