1754 3210
133 63 232 127 154
410 78 664 115 securum
701 80 955 118 Ems‘roLAE
995 83 1065 119 Au
1098 83 1409 137 coniuratos

129 162 178 204 ut
201 156 317 215 ejus,
344 154 419 217 qui
446 163 734 219 peccaverat,
765 155 901 206 satuti,
920 157 1228 220 consulerem,
1260 160 1430 211 scilicet
1461 163 1708 214 incestuo-
1723 149 1754 226 {1

131 233 170 279 si
196 247 208 288 ;
237 247 326 279 nec
348 232 485 280 etiam
511 239 695 296 propter
719 250 824 284 eum
852 237 929 299 qui
954 253 1111 302 passus
1149 244 1219 286 est
1247 237 1458 300 injuriam
1475 275 1490 302 ,
1517 257 1598 291 seu
1620 226 1754 306 pam}

132 309 211 356 tris
240 306 372 368 illius,
411 315 458 356 ut
496 311 538 356 ei
577 308 934 360 satisfactionem
968 312 1282 377 providerem.
1747 307 1754 358 l

202 383 332 436 Hinc
359 387 559 439 inserunt
593 389 717 456 quod
745 394 925 442 viveret
962 392 1112 444 adhuc
1146 393 1219 444 ille
1244 402 1390 461 pater,
1421 398 1548 461 cujus
1574 412 1708 448 uxo·

131 483 230 516 rem
251 466 368 516 filius
387 476 639 534 acceperat.

202 547 311 604 Sed,
336 549 474 596 etiam
496 556 540 596 et
567 551 797 615 praecipue
823 557 871 599 ut
901 569 1054 600 meam
1084 568 1191 613 ervo
1213 570 1298 602 νος
1319 552 1596 616 pastoralem
1619 542 1711 606 sol·

131 627 420 676 licuudinem
450 645 609 675 comm
649 627 771 690 Deo,
809 635 853 678 et
877 629 993 678 circa
1015 637 1214 679 vestram
1234 629 1426 681 salutem
1449 630 1714 682 manifesta·

132 723 250 757 rem.
268 702 354 754 Gr.
387 704 588 754 studium
612 714 818 756 vestrum
842 723 925 771 pro
952 708 1105 758 nobis,
1133 706 1238 776 Syr.
1261 718 1310 761 ut
1333 713 1587 762 innotescat
1616 729 1711 762 co-
1752 768 1754 770 ,

133 803 230 836 ram
267 781 372 832 Deo
411 782 643 848 diligentia
684 792 837 834 vestra
867 793 1054 850 propter
1081 803 1191 849 nos,
1227 787 1275 836 id
1299 797 1396 852 est,
1423 797 1472 840 ut
1499 798 1754 856 appareat

137 864 357 933 quantum
387 878 464 910 me
498 863 661 911 ametis
691 879 844 911 coram
874 859 1002 912 Deo,

201 935 255 992 Ῠ.
284 935 361 986 13.
386 937 498 986 Ideo
529 940 954 1000 consolatisumus,
993 940 1055 989 ob
1076 938 1180 991 haec
1200 940 1423 991 hactenus
1446 899 1570 993 dicta
1589 959 1719 992 con-

135 1015 410 1066 solationem
443 1019 597 1081 accepi
588 1035 719 1068 mus.

204 1095 266 1143 In
291 1096 608 1144 consolatione
635 1105 790 1145 autem
815 1106 994 1147 nostra.
1010 1099 1056 1147 ..’
1079 1133 1095 1149 .

205 1172 272 1222 At
300 1171 403 1222 haec
425 1181 578 1222 nostra
607 1174 859 1225 consolatio
889 1175 1081 1225 multum
1103 1178 1321 1237 accrevit,
1346 1175 1428 1227 fuit
1448 1178 1634 1228 uberior
1654 1178 1721 1227 ob
1751 1204 1754 1238 3

136 1248 351 1313 gaudium
387 1248 486 1301 Titi
512 1276 523 1313 3
559 1258 613 1303 co
640 1253 765 1318 quod
791 1255 973 1319 spiritus
996 1254 1093 1316 ejus
1116 1254 1175 1303 ab
1208 1257 1424 1305 omnibus
1446 1257 1581 1306 vobis
1598 1249 1720 1308 fue-

137 1330 196 1377 rit
228 1327 517 1391 refocillatus,
557 1339 809 1380 recreatus,

210 1405 281 1468 Y.
318 1407 395 1467 14.
418 1408 481 1456 Ec
512 1410 558 1457 si
590 1409 706 1474 quid
740 1408 873 1474 apud
900 1410 1049 1459 illum.
1073 1447 1086 1460 .
1107 1447 1119 1458 .
1143 1410 1204 1459 ita
1233 1417 1283 1460 ut
1314 1412 1353 1459 si
1378 1408 1489 1475 quid
1518 1412 1584 1471 ei,
1616 1414 1731 1465 cumr

138 1484 264 1534 illum
296 1485 354 1536 ad
383 1504 469 1536 vos
494 1489 757 1550 mitterem,
805 1488 1050 1551 magnifice
1087 1489 1184 1538 dixi
1211 1487 1269 1538 de
1304 1487 1474 1550 vobis,
1513 1484 1724 1568 scilicet,

142 1564 202 1614 de
241 1563 380 1612 vobis
425 1563 651 1629 gloriam,
689 1571 738 1613 ut
768 1572 897 1628 pater
935 1563 995 1614 de
1026 1564 1129 1614 filiis
1146 1564 1459 1631 sapientibus,
1494 1567 1589 1625 ιιὸιι
1611 1562 1725 1614 ειη-ἔ

139 1643 329 1693 bescam
358 1642 418 1692 de
451 1643 538 1694 hac
572 1660 675 1692 mea
715 1642 1017 1708 gloriatione.
1047 1644 1131 1693 sed
1163 1646 1280 1693 sicut
1304 1642 1602 1708 quaecumque
1625 1659 1726 1691 vo·-

141 1723 216 1769 bis
251 1720 310 1769 de
343 1718 458 1770 Tito
492 1721 607 1783 dixi,
636 1738 718 1786 per
743 1723 1075 1788 experientiam
1107 1738 1214 1771 vera
1237 1721 1561 1786 comperistis,
1588 1723 1655 1779 sic
1677 1728 1727 1770 et

144 1797 280 1849 'litus
321 1816 431 1850 vera
468 1801 693 1865 comperit
727 1817 827 1865 quae
859 1802 947 1864 ipsi
982 1798 1192 1881 dixeram
1226 1799 1285 1849 de
1313 1793 1592 1848 vobiS.1mo
1630 1795 1728 1848 tarn

144 1894 279 1940 vera,
299 1886 347 1927 ut
377 1881 475 1942 ipsa
498 1885 716 1943 appareat
740 1879 925 1928 veritas.

215 1953 482 2006 Verisimile
523 1964 590 2006 est
636 1954 761 2022 quod
798 1955 881 2005 illis
913 1955 972 2007 de
999 1953 1099 2006 Titi
1130 1954 1338 2005 laudibus
1367 1936 1508 2005 multa
1535 1953 1728 2019 dixerit,

147 2037 209 2085 ait
241 2033 302 2085 D
330 2031 722 2101 Chrysostomus.

220 2115 284 2164 Et
317 2118 499 2164 viscera
523 2114 643 2178 ejus.
666 2151 678 2165 .
700 2151 711 2162 .
741 2111 852 2162 hinc
874 2113 1076 2162 tenerius
1098 2112 1144 2160 in
1168 2128 1254 2159 vos
1279 2108 1468 2160 affectus
1493 2116 1590 2168 est,
1618 2106 1738 2177 dum>

155 2192 419 2244 recordatur
456 2193 543 2258 qua
573 2189 951 2259 promptitudine,
978 2197 1071 2239 etc.
1108 2185 1232 2238 Vide
1267 2185 1593 2254 paraphrasim.

223 2269 278 2327 77.
323 2269 402 2320 16.
429 2269 625 2318 Gaudeo
649 2269 784 2335 quod.
805 2306 818 2319 .
837 2307 848 2318 .
872 2267 996 2334 quod
1019 2266 1128 2316 tales
1150 2267 1263 2327 sitis,
1288 2274 1338 2316 ut
1363 2267 1533 2331 possim
1553 2267 1601 2314 in
1627 2268 1734 2312 orn-⁴

149 2351 287 2401 nibus
310 2350 482 2412 optima
506 2354 697 2413 quaeque
722 2345 779 2395 de
806 2346 942 2395 vobis
965 2344 1185 2411 polliceri.

223 2427 530 2480 Confidenter
551 2437 598 2479 et
638 2428 782 2478 libere
814 2443 1000 2493 possum
1028 2443 1112 2474 vos
1135 2440 1360 2484 monere,
1384 2437 1602 2488 arguere,
1622 2435 1737 2469 cor-

151 2513 325 2576 rigere,
354 2509 525 2573 optima
557 2522 835 2572 proponere,
875 2519 923 2552 ν.
960 2521 1005 2567 g.
996 2539 1026 2563 .,
1056 2501 1424 2567 eleemosynam,
1451 2514 1533 2548 seu
1570 2498 1736 2575 bono-

153 2605 254 2637 rum
276 2593 535 2636 vestrorum
556 2587 602 2632 in
625 2597 848 2647 pauperes
869 2579 1182 2644 largitionem,
1210 2577 1269 2627 de
1290 2593 1378 2641 qua
1409 2591 1509 2640 cap.
1533 2570 1585 2622 8.

223 2664 349 2716 Sicut
377 2667 559 2730 sapiens
591 2662 828 2713 medicus
817 2678 907 2726 gam
947 2677 1067 2725 pene
1088 2667 1244 2708 sanata
1269 2656 1459 2707 vulnera
1492 2644 1740 2703 lenissimis

154 2746 508 2807 medicamentis
550 2749 696 2805 curat,
720 2749 768 2791 ut
791 2739 954 2814 prioris
990 2739 1315 2804 increpationis
1347 2741 1499 2786 ustura
1535 2735 1738 2781 sanetur.

155 2823 220 2876 D.
267 2822 537 2876 AnselmuS.
