1794 3210
216 119 319 183 466
624 151 627 157 ·
690 140 941 179 EPISTOLAE
976 146 1044 182 An
1077 138 1333 189 GAIJATAS‘

288 229 336 274 7.
363 203 546 262 Nolite
569 227 769 266 errare:
795 212 944 270 Deus
972 237 1082 272 non
1104 217 1371 280 irridetur.

287 362 338 415 8.
380 361 520 436 Quae
559 364 704 421 enim
748 368 1092 429 seminaverit
1133 373 1326 446 homo,
1371 383 1482 438 haec
1520 394 1569 439 et
1606 397 1787 447 metet.

220 450 486 518 Quoniam
515 454 604 524 qui
627 456 851 514 seminat
875 458 932 515 in
953 483 1111 521 carne
1134 487 1256 535 sua,
1280 469 1345 524 de
1371 491 1530 528 carne
1555 485 1606 530 et
1624 486 1790 534 metet

218 540 657 608 corruptionem:
684 544 774 614 qui
801 559 979 605 autem
998 554 1298 612 seminatin
1321 558 1548 631 Spiritu,
1565 562 1631 619 de
1658 563 1790 636 Spi-

216 626 318 683 ritu
339 642 499 687 metet
525 633 687 689 vitam
710 648 976 694 aeternam.

286 783 334 831 9.
359 761 570 817 Bonum
599 775 776 820 autem
815 766 1102 839 facientes,
1140 791 1249 827 non
1274 772 1584 834 deficiamus
1605 804 1619 836 ε
1644 790 1787 838 tem·

215 867 346 917 pore
376 853 520 907 enim
543 873 639 908 suo
665 866 925 914 metemus
946 879 1056 915 non
1088 859 1411 921 deficientes·

290 1104 367 1136 ιο.
407 1081 575 1155 Erg0‚
616 1084 744 1141 dum
784 1098 994 1156 tempus
1034 1088 1323 1161 habemus,
1365 1083 1653 1163 operemur
1681 1094 1788 1152 bm-

213 1189 346 1225 num
370 1170 436 1226 ad
467 1193 652 1230 omnes
672 1218 685 1244 ‚
710 1177 939 1231 maxim&
963 1190 1139 1234 autem
1162 1180 1230 1236 ad
1254 1179 1575 1239 domesticos
1598 1182 1736 1238 fidei.

290 1338 311 1369 1
329 1341 368 1373 ι.
394 1317 582 1373 Videte
606 1319 852 1387 qualibus
873 1306 1058 1378 littcris
1080 1324 1265 1392 scripsi
1287 1323 1440 1381 vobis
1468 1327 1588 1380 me&
1608 1343 1788 1384 manu.

284 1491 362 1523 12.
387 1467 722 1538 Quicumque
739 1467 880 1525 enim
903 1492 933 1525 v
921 1468 1088 1526 olunt
1110 1471 1353 1542 placere
1337 1494 1394 1528 m
1414 1493 1600 1540 carne,
1615 1471 1669 1528 hi
1691 1493 1792 1531 vo*

209 1555 327 1612 lunt
354 1579 449 1615 vos
474 1559 808 1627 circumcidi,
846 1566 1055 1618 ta'nfflm
1089 1574 1148 1618 ut
1183 1563 1352 1621 crucis
1389 1562 1585 1620 Christi
1609 1582 1790 1634 perse-

210 1646 481 1705 cutionem
504 1670 613 1706 non
638 1649 917 1720 patiantur.
1205 1664 1207 1666 ’

283 1939 361 1992 13.
384 1935 577 2007 Neque
600 1934 742 1992 enim
766 1937 857 2008 qui
889 1934 1381 2006 circumciduntur,
1404 1936 1578 2010 legem
1602 1944 1788 2018 custo-

213 2025 389 2081 diunt:
415 2026 507 2081 sed
536 2026 721 2083 volunt
747 2049 839 2084 vos
870 2026 1216 2098 circumcidi,
1254 2038 1311 2083 ut
1339 2025 1396 2082 in
1420 2047 1579 2083 carne
1612 2036 1788 2102 vestra

212 2115 521 2190 glorientur-

283 2268 359 2329 14.
385 2262 523 2318 Mihi
564 2253 743 2334 aufem
770 2262 910 2337 absit
935 2261 1150 2334 gloriari
1174 2261 1278 2319 nisi
1303 2262 1356 2317 in
1379 2282 1536 2318 cruce
1560 2256 1788 2339 Domini

204 2351 376 2409 nostri
410 2352 540 2409 Jesu
584 2352 821 2422 Christi,
860 2374 953 2423 per
977 2374 1135 2424 quem
1177 2350 1313 2409 mihi
1344 2350 1577 2408 mundus
1602 2348 1784 2407 cruci-2

210 2438 347 2498 fixus
368 2455 472 2512 est,
499 2456 550 2500 et
575 2463 674 2516 ego
695 2442 917 2500 mundo·

281 2782 359 2833 15.
381 2779 445 2833 ln
473 2777 689 2836 Christo
712 2779 852 2835 enim
873 2779 1006 2837 Jesu
1029 2800 1202 2849 neque
1223 2775 1559 2835 circumcisio
1581 2774 1787 2848 aliquid

210 2865 348 2924 valet
367 2910 380 2936 ‚
413 2889 585 2940 neque
614 2870 960 2941 praeputium3
988 2870 1083 2927 sed
1104 2889 1245 2926 nova
1269 2879 1524 2925 creatura.
