1754 3210
423 61 645 99 TRH‘LEX
679 60 979 100 Exposrrro.
1016 43 1132 109 Cap.
1174 41 1244 95 V.
1499 58 1593 109 107

0 205 1 208 Ἴ
24 142 263 187 ἐοεῐοῐῐιιιε
281 170 298 199 ,
323 142 373 185 ut
395 137 422 184 a
445 136 580 188 nobis
604 133 817 187 modeste
841 141 888 185 et
911 133 1138 183 submisse
1165 130 1229 181 de
1262 131 1396 181 vobis
1427 121 1598 182 sentire

0 215 3 224 ’
26 212 231 266 discatis.
1566 224 1569 228 ’

98 287 151 342 Si
170 291 420 358 desipimus
443 309 581 357 ergo,
600 283 716 341 *Deo
741 290 1019 355 desipimus;
1043 289 1081 338 si
1102 289 1327 353 sapimus,
1359 286 1493 335 vobis
1513 304 1596 336 sa-

0 397 3 401 ·
33 369 200 434 pimus.
221 365 328 419 Hac
345 369 459 433 inre
483 368 544 417 nil
568 377 752 435 propter
774 385 878 430 nos,
901 366 985 416 sed
1007 367 1160 416 omnia
1181 373 1366 431 propter
1387 360 1480 414 Dei
1498 365 1603 430 glo«

33 451 147 500 riam
174 457 222 499 et
242 437 689 517 vestramssalutem(

103 522 172 588 Y.
200 527 279 589 14.
305 516 529 574 Charitas
551 527 673 575 enim
701 519 879 574 Christi
910 533 1054 590 urget.
1074 560 1085 573 .
1106 560 1118 575 .
1147 518 1231 573 Gr.
1262 519 1463 574 cohibet.
1493 518 1600 588 Syr.

38 605 324 670 constringit.

104 678 352 745 Particula,
378 682 525 742 enim,
551 680 676 732 hunc
701 680 974 730 versiculum
1002 697 1105 729 cum
1131 676 1417 744 praecedente
1441 676 1600 747 jungit,

39 761 302 829 indicatque
319 760 397 812 bic.
413 765 636 812 rationem
653 760 977 826 praedictorum
1000 758 1130 810 reddi
1157 777 1168 806 ε
1190 756 1385 819 scilicet,
1407 773 1483 805 cur
1502 757 1602 805 sive

34 843 244 903 insaniat,
265 840 370 892 Deo
393 843 574 902 insanit,
594 843 692 890 sive
718 842 885 906 sapiat3
912 841 1126 905 proximo
1141 839 1285 903 sapit3
1315 843 1360 885 et
1385 852 1462 884 cur
1486 833 1607 903 nihil

37 922 109 974 sui
136 920 268 973 causa
291 922 440 984 saciat,
468 923 551 972 sed
571 924 723 972 omnia
759 922 819 970 ob
850 918 942 970 Dei
965 920 1154 985 gloriam
1181 927 1226 968 et
1258 919 1455 984 proximi
1477 916 1601 966 salu·
1652 951 1658 956 ·

36 1007 151 1061 tem,
183 1003 309 1066 quasi
338 1000 540 1050 diceret:

109 1074 187 1127 Ad
206 1078 272 1126 sic
285 1075 512 1141 agendum
531 1084 660 1141 urget
682 1093 765 1126 nos
784 1073 953 1126 Christi
979 1072 1188 1134 charitaS,
1207 1074 1282 1138 qui
1298 1074 1449 1120 omnia
1465 1088 1603 1137 prop-

35 1161 106 1203 ter
141 1150 234 1203 Dei
267 1153 454 1218 gloriam
492 1161 536 1203 et
560 1161 764 1203 nostram
789 1152 977 1203 salutem
999 1150 1123 1212 fecit,
1150 1158 1195 1201 et
1221 1153 1316 1215 ejus
1338 1147 1600 1212 exemplum

35 1245 124 1279 nos
145 1227 331 1279 cohibet
351 1230 479 1280 aliter
498 1246 648 1295 agere.

102 1308 413 1357 AEstimantes
435 1307 538 1356 hoc.
555 1345 567 1358 .
585 1346 597 1358 .
619 1307 666 1356 id
699 1316 788 1372 est,
817 1307 927 1358 dum
958 1309 1081 1358 enim
1106 1305 1226 1374 apud
1249 1322 1335 1356 nos
1355 1306 1474 1355 serio
1496 1321 1604 1370 per-

35 1385 280 1451 pendimus
299 1386 405 1445 hoc,
432 1385 615 1449 scilicet,
639 1390 858 1452 quoniam
881 1389 926 1436 si
943 1406 1082 1447 unus,
1106 1386 1155 1436 id
1176 1393 1263 1449 est,
1287 1384 1428 1450 quod,
1453 1401 1603 1450 quan-

0 1474 3 1479 ’
38 1462 289 1528 doquidem
307 1465 404 1528 ipse
432 1482 550 1514 unus
572 1483 656 1528 pro
681 1467 893 1515 omnibus
915 1474 1121 1515 mortuus
1143 1475 1230 1516 est.

105 1540 231 1603 Ergo
251 1558 412 1590 omnes
427 1544 599 1591 mortui
611 1552 734 1593 sunt.
756 1540 883 1593 Hinc
903 1542 1141 1593 inserimus
1160 1541 1284 1610 quod
1307 1560 1465 1592 omnes
1477 1558 1601 1590 mor·

37 1624 112 1671 tui
139 1630 248 1671 sune
264 1658 280 1682 ,
320 1629 367 1672 et
405 1623 742 1691 consequenter
778 1642 865 1676 nos
894 1626 978 1691 ipsi
1010 1626 1175 1676 mortui
1198 1642 1374 1689 sumus,
1413 1624 1461 1674 id
1498 1631 1597 1684 est,

31 1705 228 1748 aeternae
253 1701 389 1749 morti
416 1702 626 1751 obnoxii.

107 1771 205 1824 Pro
222 1770 434 1825 omnibus
447 1775 714 1827 hominibus
732 1778 789 1828 ab
805 1786 971 1828 aeterna
983 1781 1131 1827 morte
1146 1775 1427 1827 redimendis
1446 1771 1602 1826 Chris·
1638 1787 1644 1791 “

36 1859 112 1903 ωε
137 1858 340 1902 mortuus
366 1862 468 1905 est:
498 1873 605 1920 ergo
629 1864 676 1906 et
697 1874 780 1923 pro
799 1858 935 1907 nobis
957 1859 1066 1923 ipsis
1089 1863 1292 1906 mortuus
1319 1862 1404 1905 est.
1432 1850 1606 1904 Mortui

37 1947 220 1981 eramus
243 1951 254 1988 ;
297 1939 342 1980 et
387 1950 470 1997 pro
506 1937 644 1985 nobis
671 1937 729 1985 ab
773 1945 940 1987 aeterna
965 1945 1111 1986 morte
1131 1934 1377 1985 liberandis
1400 1941 1604 1984 mortuus

40 2016 115 2060 est
149 2005 374 2059 Christus·
409 2007 455 2059 O
481 2013 734 2063 immensa!
772 2014 800 2063 ὂ
817 2017 955 2065 nimia
975 2023 1023 2065 et
1041 2015 1179 2064 nimis
1199 2030 1364 2078 urgens
1385 2011 1575 2066 charitas
1591 2011 1622 2067 Σ,

28 2089 32 2092 ’
111 2085 208 2138 Hie
228 2088 354 2140 locus
381 2090 672 2144 illustrandus
694 2102 739 2144 et
763 2094 1058 2158 explicandus
1078 2112 1136 2144 ex
1155 2111 1212 2143 eo
1240 2095 1316 2158 qui
1338 2100 1407 2143 est
1427 2089 1604 2156 Ephes.

42 2183 94 2228 2,
117 2159 176 2217 37.
191 2165 241 2227 3,
259 2166 310 2228 4,
335 2167 365 2217 5
387 2185 400 2228 ς
428 2168 610 2221 videtur
632 2173 755 2222 enim
771 2171 894 2238 quod
913 2171 1034 2238 apud
1055 2188 1104 2221 se
1124 2168 1458 2236 perpendebat,
1480 2167 1603 2233 quod

39 2242 105 2292 ibi
133 2241 247 2291 dixit
264 2239 541 2308 Apostolus:
656 2246 658 2248 ’

108 2320 312 2369 Eromus
335 2322 627 2388 naturcifllii
648 2328 750 2385 iroe,
779 2327 902 2374 sicut
923 2335 969 2375 et
986 2325 1155 2375 coeteri.

113 2397 237 2446 Deus
257 2407 433 2460 autem,
455 2405 536 2468 qui
553 2399 672 2462 dines
693 2405 824 2453 estin
846 2403 1180 2462 misericordia,
1194 2410 1384 2467 propter
1401 2402 1604 2451 nimt'am

41 2475 320 2526 charitatem
360 2498 517 2544 suam,
549 2482 641 2547 qud
668 2483 833 2533 dileait
857 2472 958 2547 nos,
1000 2493 1046 2533 et
1068 2486 1173 2533 ciam
1212 2500 1412 2530 essemus
1435 2483 1611 2530 mortui

13 2558 275 2623 peccatis,
305 2559 640 2624 convivificavit
665 2580 749 2611 nos
774 2565 825 2612 in
855 2564 1068 2624 Christo,
1095 2556 1229 2623 cusiis
1250 2559 1408 2626 gratici
1435 2562 1606 2611 salvati

36 2633 182 2692 estis;
203 2642 250 2683 et
275 2639 664 2698 conresuscitavit,
689 2649 778 2691 etc.

106 2722 279 2779 Confer
306 2727 408 2779 haec
432 2729 554 2793 loca,
587 2742 635 2783 et
665 2734 846 2785 videbis
874 2736 997 2801 quod
1019 2734 1096 2785 hic
1123 2735 1326 2785 breviter
1356 2733 1601 2798 exprimit.

36 2798 122 2922 8ῗᾶ
147 2807 306 2926 rtevera
333 2804 455 2856 idern
477 2806 596 2872 apud
621 2825 672 2859 se
694 2813 858 2876 cogitat
883 2819 929 2862 et
956 2813 1109 2875 sentit,
1129 2809 1252 2875 quos]
1273 2811 1335 2860 ibi
1358 2808 1499 2861 fusius
1519 2828 1602 2861 ex-

39 2891 70 2941 p
89 2893 155 2926 nca
177 2914 189 2927 .
968 2902 972 2905 *
