1794 3210
395 123 618 162 anmx
651 119 936 159 Exposrrxo·
973 103 1090 169 Cap.
1128 97 1242 151 III.
1503 86 1605 148 365

1259 259 1608 269 ...-.—.-———-—..-.--—-—-

562 270 914 284 μετ...-

475 385 742 446 CAPUT
779 379 1170 439 TERTIUM.

662 560 994 624 paraphrasis.

35 699 154 815 O
190 759 393 813 STUL'rt!
431 759 530 825 quis
564 774 649 807 vos
675 756 955 807 dementavit
985 755 1110 818 quasi
1141 751 1308 801 fascino
1334 767 1413 800 seu
1435 751 1619 814 magico

45 840 274 900 carmine,
295 844 344 886 ut
366 837 545 886 veritati
571 837 706 885 vobis
731 834 905 883 traditae
928 850 1024 881 non
1045 833 1260 898 paxeretis
1278 866 1291 892 ,
1321 846 1424 878 eam
1444 828 1615 879 scilieet

45 918 295 967 retinentes
325 935 338 964 z

118 991 242 1056 Vos,
269 995 476 1059 inquam,
502 990 529 1040 ὃ
550 988 745 1041 Gatatae!
775 999 878 1039 ante
905 1006 1096 1054 quorum
1119 985 1278 1036 oculos
1294 1024 1308 1049 ,
1331 1003 1412 1050 per
1435 985 1614 1050 praedi-

47 1076 276 1124 cationem
312 1090 463 1123 meam
502 1074 752 1136 descriptus
785 1080 829 1121 et
864 1071 1069 1134 depictus
1104 1078 1172 1118 est
1206 1066 1344 1117 Jesus
1375 1065 1615 1130 Christus,

47 1148 242 1198 velutin
272 1164 406 1196 cruce
429 1147 662 1211 pendens,
694 1148 908 1213 i'lumque
938 1162 1019 1211 per
1046 1145 1184 1194 fidem
1205 1183 1218 1208 ‚
1248 1146 1374 1209 quasi
1407 1147 1453 1193 in
1479 1146 1617 1195 vobis

48 1226 316 1278 crucifixum
338 1228 485 1277 intuiti
515 1228 652 1287 estis,
677 1244 759 1276 ceu
780 1227 904 1290 quasi
926 1225 987 1274 ob
1008 1223 1163 1274 oculos
1179 1231 1357 1274 vestros
1375 1223 1619 1273 crucifixus

48 1312 188 1356 esset.

119 1378 254 1431 Scitis
285 1380 409 1445 quod
445 1398 528 1447 per
567 1378 884 1445 Baptismum,
915 1389 958 1430 et
995 1397 1078 1446 per
1110 1397 1329 1429 manuum
1364 1386 1622 1430 nostrarum

50 1458 425 1522 impositionem,
451 1456 669 1524 Spiritum
692 1466 901 1509 sanctum
918 1461 1152 1525 accepistis
1169 1494 1180 1516 ,
1206 1467 1249 1507 et
1276 1475 1356 1523 per
1377 1476 1481 1508 eum
1501 1475 1620 1523 pro-

50 1532 300 1600 phetastis,
327 1534 491 1600 linguis
516 1534 653 1585 locuti
682 1538 815 1597 estis,
844 1536 1055 1587 miracula
1078 1532 1307 1599 patrasti&
1345 1551 1486 1586 unum
1511 1551 1620 1600 ergo

51 1614 80 1662 ὲ
100 1614 234 1663 vobis
258 1621 366 1678 peto
397 1631 409 1661 :

120 1685 288 1738 Lexne
311 1688 439 1739 dedit
458 1692 594 1740 vobis
617 1686 834 1740 Sanctum
853 1687 1071 1755 Spiritum
1090 1726 1104 1752 ,
1127 1695 1174 1738 et
1194 1685 1278 1736 has
1301 1684 1498 1753 Spiritus
1516 1704 1644 1753 ope·-

51 1759 292 1816 rationes?

92 1903 105 1907 p
123 1839 204 1893 An
229 1847 340 1894 vero
365 1846 478 1896 fides
502 1849 548 1896 in
579 1845 739 1897 Jesum
767 1844 997 1898 Christum
1013 1885 1025 1906 ,
1047 1863 1148 1910 quae
1177 1847 1309 1896 vobis
1337 1862 1419 1909 per
1444 1845 1623 1913 praedi-

54 1923 282 1978 cationem
306 1923 452 1973 oblata
482 1924 584 1974 est?
617 1921 884 1974 Certissime
916 1941 1011 1974 non
1037 1923 1136 1982 lex,
1167 1922 1250 1972 sed
1278 1921 1410 1970 fides.

125 1996 219 2054 Cur
244 2017 352 2065 ergo
376 2003 442 2051 sic
465 2003 586 2052 stulti
621 2005 727 2053 estis
746 2040 758 2063 ,
788 2012 836 2052 ut
856 2002 1046 2053 salutem
1071 2006 1093 2052 ὲ
1118 1998 1287 2067 Spiritu
1316 1998 1407 2050 Dei
1434 1999 1635 2060 exorsi,

50 2073 164 2125 itlius
185 2082 627 2131 consummationem
642 2073 851 2145 quaeratis
870 2083 917 2130 in
939 2079 1192 2130 carnalibus
1214 2086 1260 2128 et
1283 2079 1513 2144 corporeis
1531 2093 1625 2127 cae*

53 2155 272 2204 remoniis
292 2156 316 2204 ,Ρ

125 2227 336 2281 Tantane
362 2251 442 2298 pro
477 2230 661 2284 Christo
687 2234 845 2285 frustra
862 2272 876 2296 ‚
901 2242 945 2284 et
968 2236 1065 2283 sine
1088 2234 1252 2281 merito
1273 2234 1389 2297 passi
1411 2231 1570 2281 eritis?

125 2303 272 2371 Spero
303 2309 427 2372 quod
456 2327 550 2359 non
576 2314 675 2361 sine
709 2330 839 2362 causa
875 2330 885 2359 z
918 2313 955 2360 si
994 2312 1117 2359 enim
1151 2309 1452 2373 resipiscatis,
1494 2314 1539 2357 et
1571 2306 1630 2356 ad

57 2379 214 2434 Deum
242 2378 459 2435 conversi
483 2386 684 2452 fueritis,
720 2406 803 2454 pro
844 2389 1007 2438 vestris
1038 2387 1325 2451 passionibus
1361 2384 1628 2435 mercedem

59 2459 307 2511 habebitis.
416 2519 419 2523 .

126 2535 178 2588 A
196 2542 341 2593 >vobis
366 2542 517 2607 itaque
537 2552 645 2608 peto
666 2582 678 2606 ,
699 2562 758 2593 an
781 2543 915 2595 Deus
938 2548 1011 2610 qui
1030 2543 1245 2610 Spiritum
1265 2551 1470 2592 sanctum
1488 2543 1625 2591 vobis

58 2614 210 2677 dedit,
242 2625 286 2666 et
307 2635 389 2681 per
411 2637 536 2669 suam
564 2626 812 2683 potentiam
842 2625 960 2672 inter
981 2640 1064 2671 vos
1087 2621 1294 2670 miracula
1316 2620 1447 2680 fecit,

126 2689 205 2743 An
231 2712 289 2744 ex
310 2699 524 2760 operibus
546 2699 691 2765 legis?
716 2718 773 2750 an
800 2716 858 2750 ex
883 2699 976 2750 fide
1004 2697 1171 2748 Chrisi
1203 2699 1350 2748 audita
1381 2717 1438 2748 ex
1469 2716 1545 2748 me
1581 2699 1631 2749 id
1687 2755 1691 2759 ⁴

59 2767 224 2819 faciat?

127 2841 401 2895 Subauditur
417 2846 494 2898 hic
516 2847 773 2900 Galatarum
793 2851 1059 2915 responsio,
1083 2847 1206 2913 quod
1229 2865 1307 2911 per
1331 2847 1473 2899 fidem
1488 2885 1503 2911 ,
1535 2856 1634 2898 etc·

60 2929 106 2972 et
124 2919 243 2971 hanc
264 2929 614 2994 responsionem
637 2930 683 2977 in
706 2936 864 2980 mente
889 2927 1093 2988 habenS,
1121 2928 1423 2993 prosequitur.
