1690 3230
364 90 365 93 Ἴ
408 40 646 78 ‘1anth
660 15 1216 91 Expos1r1o.Cap.lIs
1525 20 1591 86 57

51 114 234 167 Hine
250 114 516 181 omnimoda
535 115 779 164 necessitas
794 112 849 163 ad
864 109 1021 162 Deum
1038 126 1221 177 semper
1237 107 1526 171 recurrendi,
1545 116 1593 158 et

72 211 120 244 er
145 189 379 244 Christum
413 190 713 242 mediatorem
757 196 963 238 nostrum
991 189 1188 253 gratiam
1222 184 1280 235 ad
1318 186 1470 235 omnia
1499 200 1592 249 pe-

27 270 184 335 tendi.

107 342 214 399 QG.
226 346 325 412 Qui
341 354 386 395 et
400 345 634 394 idoneos...
649 340 696 390 id
712 347 794 400 est,
815 343 889 408 qui
907 357 992 390 nos
1008 349 1052 390 et
1069 338 1200 403 elegit
1220 345 1265 387 et
1277 337 1470 387 idoneos
1487 335 1595 388 fecit

32 442 169 477 novae
190 426 299 491 legis
321 426 549 476 ministros
569 457 582 482 .
610 437 690 470 seu
706 457 718 481 ,
749 429 796 470 ut
831 424 888 470 ait
913 418 975 470 D.
999 416 1384 484 chrysostomus,
1408 415 1514 466 fecit
1546 426 1595 466 ut

32 505 142 558 huic
156 507 334 558 muneri
355 521 484 572 pares
502 520 604 554 esse
625 518 864 567 possemus
891 508 935 552 et
953 500 1010 550 ad
1029 500 1137 551 illud
1160 498 1425 549 obeundum
1447 514 1602 564 appo-⁴

33 585 127 633 siti.
980 608 1013 625 μ

104 659 217 709 Non
253 654 440 719 Ir'‚t!erd
484 656 567 706 sed
601 656 782 721 spiritu.
819 650 901 707 Gr.
941 674 1037 706 non
1075 655 1256 711 litterae,
1286 637 1369 703 sed
1397 652 1594 720 spiritus·

31 733 200 803 Syrus,
230 753 324 785 non
346 733 507 795 littera,
548 735 632 784 scd
656 736 842 799 spiritu,
876 735 990 783 sicut
1010 735 1228 796 interpres
1250 738 1424 780 noster.

101 815 212 866 Non
235 811 416 871 littera,
446 812 493 862 id
516 820 606 872 est,
651 828 744 862 non
771 814 883 860 sicut
915 809 1070 877 Moysi
1100 811 1292 860 litteram
1313 807 1455 858 solam
1473 846 1486 871 ‚
1513 823 1595 859 seu

30 888 183 957 legem
211 893 258 941 in
283 890 445 942 tabulis
481 889 669 955 lapideis
688 891 927 952 scriptam,
956 889 1092 936 nobis
1117 887 1269 937 dando
1295 887 1397 939 aliis.
1414 903 1593 954 propo-

32 969 236 1033 nendam
262 978 307 1018 et
332 966 705 1017 annuntiandam.

99 1033 203 1092 Sed*
215 1043 379 1108 spiritu
391 1077 408 1101 ‚
451 1040 498 1091 id
527 1049 624 1105 est,
653 1039 735 1089 sed
759 1048 973 1104 praeterea
994 1037 1213 1106 Spiritum
1234 1047 1441 1089 sanctum
1462 1040 1596 1089 nobis

30 1117 298 1186 largiendo,
343 1121 481 1168 etiam
504 1117 601 1167 aliis
642 1115 1102 1180 communicandum,
1144 1119 1235 1182 quo
1271 1113 1394 1165 hanc
1431 1116 1597 1166 amoris

29 1187 180 1262 legem
209 1195 392 1262 diligant
419 1203 463 1246 et
490 1194 721 1261 impleant.

105 1277 284 1326 Lillera
312 1294 434 1325 emm
454 1275 659 1330 occid1t;
686 1273 733 1322 id
757 1279 850 1332 est,
883 1270 957 1322 lex
980 1270 1107 1336 sola,
1133 1269 1210 1323 lex
1242 1270 1402 1321 litteris
1416 1271 1595 1320 vtantum

24 1355 227 1420 scripta,
249 1351 442 1419 Spiritus
466 1354 607 1402 sancti
631 1353 783 1417 gratiae
804 1349 1011 1415 praesidio
1032 1349 1241 1401 destituta
1258 1387 1271 1413 ‚
1296 1347 1461 1400 occidit
1483 1348 1590 1398 ani-

30 1446 169 1481 -marn‘
187 1430 543 1481 occasionaliter.
1406 1418 1409 1422 ¹

103 1503 290 1569 Primo,
316 1508 419 1574 quia
445 1506 579 1556 docet
602 1503 710 1571 quid
733 1504 990 1570 agendum,
1021 1523 1110 1557 nec
1131 1508 1252 1557 vires
1282 1505 1355 1556 dat
1381 1502 1438 1555 ad
1453 1521 1597 1568 agen-

38 1582 172 1642 dum;
201 1582 402 1648 hincque
424 1588 634 1648 peccatur
656 1582 853 1629 scienter
881 1588 925 1629 et
953 1597 1057 1629 cum
1086 1581 1480 1646 praevaricatione.

103 1656 345 1722 Secundo,
387 1659 490 1722 quia
513 1658 929 1723 concupiscentiam
962 1658 1100 1706 irritat
1127 1657 1184 1707 ad
1209 1658 1481 1707 contrarium
1520 1653 1598 1706 sa-

37 1736 251 1788 ciendum
285 1755 297 1784 :
333 1738 518 1786 nitimur
555 1737 603 1784 in
642 1738 851 1785 vetitum.
895 1731 1016 1787 Vide
1055 1733 1174 1811 dicta
1216 1753 1256 1786 c.
1293 1753 1340 1801 7.
1367 1734 1430 1785 ad
1451 1732 1595 1786 Rom·
1630 1787 1633 1789 ,

39 1807 171 1875 Ῠ.8,
204 1831 278 1864 10.

102 1894 304 1957 Spiritus
329 1899 483 1940 autem
501 1889 714 1954 vivificat
725 1905 746 1947 ;
773 1891 874 1957 quia
897 1889 1160 1940 charitatem
1186 1889 1462 1943 diffunditur
1484 1910 1593 1943 cor-

33 1970 166 2021 dibus
186 1971 382 2020 nostris:
411 1967 599 2018 charitas
626 1977 778 2019 autem
802 1977 868 2019 est
896 1973 1058 2021 animae
1093 1973 1202 2020 vita.
1267 1983 1270 1992 ²

35 2077 38 2080 -
101 2041 228 2096 Nota
251 2044 339 2093 ‘hic
361 2043 647 2093 collationem
671 2040 938 2109 Evangeliei
975 2035 1212 2095 ministerii
1235 2062 1336 2095 cum
1358 2043 1592 2107 Mosaico,

36 2130 80 2173 et
95 2124 221 2172 istius
244 2138 339 2187 prae
360 2121 450 2171 hoc
472 2121 805 2172 excellentiam.

106 2200 260 2255 Solam
285 2203 476 2254 litteram
501 2200 534 2251 J
539 2202 679 2252 udaeis
703 2202 827 2252 dedit
852 2201 1064 2270 Moyses,

105 2278 323 2345 Spiritum
345 2273 549 2330 sanctum
578 2274 853 2330 Christianis
879 2280 1102 2332 dederunt
1124 2275 1357 2347 Apostoli.

104 2355 545 2422 Ministerium.ergo
576 2355 827 2408 Mosai’cum
860 2357 943 2407 suit
978 2357 1136 2408 litterae
1164 2356 1441 2414 occidentis;
1478 2373 1596 2422 apo-

37 2433 246 2485 stolicum
261 2452 290 2483 v
295 2437 372 2486 ero
383 2436 683 2484 ministerium
706 2443 774 2484 est
795 2435 983 2499 spiritus
1001 2438 1077 2485 viv
1069 2436 1288 2486 incautis,

106 2517 355 2585 Spiritualis
377 2520 581 2597 quidem
599 2529 691 2571 erat
723 2520 827 2584 lex,
862 2521 945 2571 sed
969 2523 1176 2589 spiritum
1210 2539 1305 2572 non
1328 2521 1593 2587 praebebat3

36 2612 131 2645 non
153 2597 277 2646 enim
294 2594 485 2666 Moyses
505 2578 736 2663 spiritum,
763 2599 846 2649 sed
862 2599 1027 2662 litteras
1051 2598 1227 2649 attulit·
1246 2607 1289 2650 at
1313 2607 1486 2659 contra,
1506 2596 1597 2649 hoc

36 2682 207 2726 nostrae
225 2675 331 2727 fidei
356 2678 648 2727 commissum
668 2686 766 2741 est,
791 2687 840 2729 ut
861 2681 1067 2744 spiritum
1086 2679 1278 2729 demus:
1298 2677 1363 2730 D.
1380 2673 1596 2745 Chryso-

19 2761 227 2807 stomus.

106 2840 208 2888 Lex
234 2841 354 2890 bona
372 2850 465 2901 est,
496 2841 617 2896 sed
604 2846 839 2894 intantum
856 2837 1009 2908 bona,
1037 2854 1086 2896 ut
1105 2844 1228 2897 bona
1248 2846 1426 2911 jubeat;
1455 2847 1594 2912 gratia
