1794 3210
429 179 647 217 'rmnssx
677 158 1612 229 nxp051-r10.cap.1.315

29 259 176 308 mine
186 256 417 320 designem
441 256 689 314 nimirum,
715 249 912 302 desectio
947 256 1016 298 est
1041 253 1067 297 a
1093 247 1199 299 Deo
1222 248 1393 304 Patre
1421 251 1609 319 quivos

30 351 178 387 vocas
182 338 246 394 1t
267 342 314 384 et
336 337 360 383 a
379 330 494 382 Jesu
517 327 734 390 Christe,
754 328 812 377 ad
835 343 972 391 quem
1000 328 1108 375 estis
1130 330 1295 377 vocati.
1611 344 1613 346 ’

58 415 161 465 ln
183 414 318 463 alind
349 411 676 474 Evangelmm.
718 404 789 456 Ita
823 406 1077 455 doctrinam
1103 423 1231 455 suam
1253 407 1481 457 vocabant
1506 409 1603 460 falsi

33 489 297 543 doctores:
286 487 411 539 ·sed
433 486 524 535 hoc
549 485 716 535 evertit
737 478 1025 549 Apostolus
1013 499 1059 531 m
1083 473 1140 533 ᾗ.
1169 502 1216 547 7.
1244 483 1440 532 dicens:
1466 482 1612 550 Quod

33 586 127 617 non
149 575 235 616 est
244 564 391 614 aliud.
1512 598 1515 602 ,

102 646 260 712 Itaq'ue
289 645 432 694 miror
470 641 593 709 quod
613 645 639 691 a
661 636 776 690 Deo
798 647 842 689 et
861 642 887 688 a
907 637 1018 689 Jesu
1045 637 1229 690 Christo
1254 638 1486 690 defecistis
1504 677 1544 700 .
1544 644 1606 694 et

36 721 272 774 ceierrime
287 717 548 778 defecistis,
569 724 611 766 et
623 716 682 765 ad
691 733 863 765 novum
877 714 996 764 aliud
1010 710 1314 780 Evangeliurn
1333 714 1618 768 deflexistis.

102 796 216 850 Hoc
236 796 594 861 obstupescens
582 811 629 843 m
648 791 816 844 Galatis
836 795 1020 843 miratur
1035 790 1316 860 Apostolus;
1334 802 1379 844 et
1398 811 1492 845 non
1504 797 1626 846 sino·

37 878 207 928 mentis
226 875 538 925 commotione
559 871 649 922 hoc
672 873 755 922 illis
776 873 1038 936 exprobrat.

451 1047 893 1086 OBSERVATmNEs
929 1047 1193 1084 MORALES.

107 1183 206 1238 Sed
230 1186 352 1238 heu-2
402 1188 449 1236 in
479 1194 591 1252 quot
617 1184 886 1236 Christianis
926 1186 1018 1235 hoc
1058 1188 1206 1252 ipsum
1234 1186 1444 1238 videmus
1463 1226 1476 1252 ‚
1521 1206 1614 1242 neo

39 1274 201 1318 tamen
221 1265 459 1315 miramur!
486 1268 642 1329 quota
670 1262 774 1314 Deo
793 1302 807 1327 ‚
831 1273 875 1314 et
896 1268 920 1314 a
951 1261 1066 1313 Jesu
1088 1261 1272 1314 Christo
1292 1299 1308 1327 ‚
1332 1269 1400 1315 cui
1434 1285 1613 1322 nomen

42 1346 92 1396 in
109 1345 339 1410 baptismo
367 1342 622 1401 dederunt,
663 1342 908 1405 deficiunt,
945 1349 991 1391 et
1013 1342 1278 1406 celerrime,
1301 1346 1347 1393 in
1371 1348 1465 1412 ipsa
1488 1347 1613 1398 ado*

42 1423 258 1474 &essentia
280 1431 324 1472 et
347 1425 594 1493 juventutis
623 1421 765 1482 flore,
790 1421 1031 1471 deficiunt!
1056 1431 1103 1471 et
1127 1431 1222 1471 toto
1245 1426 1355 1472 vitae
1379 1433 1614 1492 tempore,

41 1502 163 1554 aliud
182 1498 484 1566 Evangelium
502 1538 516 1562 ‚
540 1501 699 1550 mundi
720 1503 973 1563 vanitates,
999 1501 1166 1551 diaboli
1193 1519 1384 1569 pompas
1404 1521 1613 1572 sequun-

42 1585 142 1637 tur,
168 1578 331 1644 quibus
359 1579 733 1627 abrenuntiarunt
755 1579 764 1626 l

110 1657 282 1712 Nostra
313 1659 414 1709 haec
436 1659 637 1709 desertio
663 1661 791 1726 pejor
814 1667 883 1709 est
907 1656 1167 1710 Galatarum
1204 1659 1490 1722 defectione3
1532 1666 1614 1728 ju*

42 1734 269 1787 daismum
295 1733 469 1786 Galatae
506 1754 729 1801 nusquam
753 1732 1145 1798 abrenuntiarant,
1169 1739 1224 1787 ad
1248 1756 1383 1805 quem
1405 1759 1631 1793 accessen

41 1826 288 1868 runtznos
311 1818 470 1868 muudi
492 1819 766 1870 vanitatibus
790 1826 835 1868 et
873 1818 1039 1868 diaboli
1078 1823 1259 1887 pompis
1295 1823 1343 1871 in
1383 1825 1616 1889 baptismo

43 1897 429 1956 renuntiavimus,
458 1896 516 1944 ad
541 1913 648 1962 quas
673 1904 825 1945 tamen
847 1898 1132 1946 recurrimus.

117 1968 339 2038 Hincque
349 1980 503 2022 nostra
523 1972 721 2022 defectio
742 1975 868 2038 quasi
887 1972 1055 2038 duplex
1075 2011 1086 2035 ‚
1108 1982 1180 2024 aut
1199 1974 1360 2025 saltem
1378 1975 1615 2042 dupliciter

45 2063 122 2101 rea
142 2053 191 2098 :a
209 2047 320 2099 Jesu
335 2048 520 2099 Christo
538 2048 775 2098 deficimus
788 2087 801 2110 ‚
825 2053 895 2099 cui
915 2057 1087 2100 nomen
1107 2052 1340 2107 dedimusz
1364 2054 1423 2102 'ad
1438 2052 1615 2111 Satanae

42 2142 242 2192 pompas
263 2127 559 2185 recurrimus,
586 2126 751 2190 quibus
779 2126 1045 2176 solemniter
1067 2132 1441 2182 renuntiavimus,

117 2198 297 2262 Huius
307 2201 586 2251 desertionis
625 2211 822 2262 reatum,
867 2202 894 2252 ὂ
920 2201 1046 2254 Deus
1075 2207 1358 2256 misericors!
1387 2207 1441 2257 da
1479 2211 1617 2263 nobis

49 2277 570 2343 hitelligere5horre-1'e,
592 2278 731 2340 flere,
757 2289 805 2329 ut
828 2282 1022 2330 tandem
1035 2289 1147 2346 post
1163 2287 1612 2355 praevaricationem,

48 2351 260 2405 dolentes
281 2361 342 2403 et
347 2357 620 2417 poenitentes
642 2357 880 2408 redeamus
905 2357 963 2407 ad
986 2375 1092 2407 cor.
1120 2360 1305 2420 Redit-e,
1321 2366 1615 2426 praevarica-

41 2440 191 2491 tores,
222 2432 291 2480 ad
312 2450 404 2481 cor.
1629 2481 1633 2485 .

116 2500 175 2560 fi.
200 2529 245 2573 7.
277 2508 416 2572 Quod
435 2524 526 2555 non
549 2515 630 2557 est:
627 2506 821 2560 aliud...
850 2511 1040 2574 exponit
1062 2505 1313 2574 Apostolus
1331 2515 1455 2579 quod
1489 2509 1562 2568 ff.
1582 2515 1615 2569 6

46 2581 194 2653 dixit,
222 2586 270 2634 in
305 2586 437 2635 aliud
458 2585 790 2651 Evangelt‘3um
812 2594 862 2639 et-
881 2588 1007 2651 quasi
1025 2589 1321 2656 semetipsum
1351 2593 1613 2658 corrigens,

44 2663 206 2713 addit:
249 2659 391 2728 Quod
424 2673 539 2709 non·
554 2671 622 2709 est
648 2663 812 2719 oleam}
849 2663 896 2714 id
927 2670 1037 2724 est,
1081 2665 1182 2712 curn
1219 2672 1375 2715 tamen
1414 2685 1510 2720 non
1556 2673 1627 2725 sit,

48 2740 198 2801 aliud,
220 2748 316 2792 ,zeti
337 2756 480 2791 unum
509 2741 643 2793 enim
657 2738 809 2792 solum
822 2744 895 2789 e'st
918 2737 1266 2804 Evangelium..
1306 2790 1309 2794 ,
1339 2779 1343 2792 ,

73 2820 236 2871 Νιει·
252 2827 360 2868 sunt
377 2819 554 2882 alequi,
586 2815 643 2866 id
656 2824 759 2879 est,
757 2818 858 2871 sed
877 2827 982 2870 sunt
998 2818 1157 2882 aliqui,
1188 2818 1382 2885 scilicet,
1409 2825 1614 2888 pseudo«.
1631 2852 1636 2873 -,

75 2896 268 2963 postoli,
298 2897 379 2961 qui
398 2915 481 2946 vos
500 2895 616 2945 falsis
639 2897 730 2945 suis
750 2881 1041 2962 dogmatibus
1064 2897 1374 2961 conturbant,
1401 2911 1446 2953 et
1463 2905 1624 2964 voluta

106 2982 294 3064 vertere
304 2971 610 3039 Evangelium
629 2968 834 3027 Christi.
894 3005 898 3017 ι
