1794 3210
139 24 240 79 286
435 43 682 79 SECUNDAE
717 43 978 80 EPlSTOLAE
1013 45 1083 80 AD
1116 45 1428 84 CORINTHIOS

138 117 294 179 verbis
319 118 608 181 perstringit,
635 133 696 166 ne
739 116 797 167 de
821 116 940 168 sacto
960 117 1046 168 tale
1066 129 1269 187 quaera‘nt
1295 123 1670 189 experimentum
1689 163 1707 190 ‚
1740 164 1748 167 -

141 197 186 241 et
209 193 371 240 revera
393 206 486 238 non
517 193 777 256 puniantur.

210 267 349 334 Qui
329 287 377 315 m
398 269 544 318 volnus
565 265 650 319 Gr.
674 272 814 336 quiin
839 287 941 322 vos.
961 268 1372 339 Theophylactus‚
1393 277 1471 341 qui
1490 292 1597 343 erga
1620 294 1711 330 vos

135 362 230 395 non
254 353 322 395 est
343 345 593 396 imbecillus
617 385 632 411 ‚
655 348 738 397 sed
759 347 895 398 valde
913 356 1096 414 potens.

208 423 352 489 Quasi
379 427 553 477 diceret
573 446 584 474 :
612 424 750 479 Certe
769 446 884 495 opus
904 446 999 478 non
1020 429 1199 480 habetis
1217 429 1359 494 hujus
1380 435 1445 483 rei
1461 435 1710 501 periculum

136 500 312 566 facere,
337 508 439 553 ciim
463 512 531 553 tot
549 513 595 554 et
617 513 742 554 tanta
763 508 983 570 potentiae
1004 524 1096 558 suae
1117 511 1245 574 signa
1272 527 1354 575 per
1378 526 1454 563 me
1476 515 1566 577 {arn
1598 513 1711 565 edin
1785 527 1794 542 ²

138 581 272 634 derit.
300 581 421 632 Vide
446 600 543 647 cap.
579 601 657 632 12.
682 582 755 646 Y.
784 601 861 633 12.

205 660 411 712 Christus
425 666 647 728 potentiae
666 681 762 713 suae
779 667 906 729 signa
923 661 1175 716 Corinthiis
1192 666 1316 718 dedit
1338 671 1387 720 in
1404 687 1567 722 eorum
1584 689 1712 724 con-
1792 655 1794 658 .

134 741 347 790 versione
368 776 384 799 ,
405 738 540 801 huius
562 736 799 805 epistolas,
825 757 924 806 cap.
959 760 1038 791 12.
1067 733 1229 793 stru.

204 815 260 867 In
288 817 475 882 indigne
518 820 952 867 communicantium
990 821 1257 884 punitione,
1296 822 1454 886 primae
1489 821 1705 876 Corinth.

143 915 163 946 1
179 917 198 947 1
210 934 220 946 .
238 895 294 952 Ῡ.
317 894 403 947 30.
1087 915 1096 921 ·

90 979 93 981 ’
203 969 259 1021 In
280 972 506 1023 fornicarii
524 971 766 1026 traditione
783 972 998 1040 Satanae,
1021 977 1071 1026 in
1088 978 1279 1027 nornine
1299 972 1504 1042 Christi,
1531 977 1577 1033 1.
1595 976 1711 1033 Cor·

138 1047 189 1110 5,
219 1048 289 1114 y.
313 1050 361 1100 5.
1415 1075 1419 1078 ²

206 1125 491 1195 Jampridem
505 1143 615 1193 ergo
648 1132 846 1182 ostendit
866 1147 917 1181 se
936 1147 1031 1181 non
1048 1147 1152 1182 esse
1168 1129 1289 1196 apud
1302 1147 1387 1181 vos
1404 1091 1710 1195 imbecillum,

137 1207 219 1257 sed
243 1208 376 1258 valde
404 1216 656 1272 potentem.

207 1286 260 1343 Ῠ.
285 1290 335 1351 4.
361 1290 493 1338 Num
513 1291 615 1339 etsi.
642 1327 654 1339 .
678 1326 692 1339 .
718 1327 730 1340 .
752 1290 856 1339 licet
888 1293 1014 1340 enim
1047 1306 1108 1340 ex
1128 1290 1391 1339 infirmitate
1415 1297 1589 1339 naturae
1610 1288 1713 1340 hu·-

138 1382 287 1415 manae
322 1366 438 1416 ultro
465 1374 739 1432 assumptae.
767 1367 815 1416 id
849 1375 946 1428 est,
980 1375 1028 1416 ut
1061 1366 1209 1415 homo
1243 1363 1401 1417 natura
1437 1365 1640 1416 mortalis
1667 1374 1717 1417 et

139 1443 361 1507 passibilis
381 1481 395 1506 ‚
441 1444 638 1508 crucifigi
671 1444 861 1493 voluerit
887 1461 971 1509 pro
994 1444 1133 1492 nobis
1179 1451 1225 1493 et
1250 1445 1402 1504 mori,
1428 1459 1525 1493 non
1548 1445 1717 1495 mansit

138 1530 340 1572 mortuus
370 1541 382 1579 ;
414 1522 496 1573 sed
532 1541 611 1588 per
634 1527 889 1587 potentiam
913 1524 1163 1572 divinitatis
1188 1525 1436 1573 resurrexit
1461 1541 1473 1581 ;
1506 1530 1551 1574 et
1572 1525 1718 1574 vitam

138 1618 261 1650 nunc
282 1604 396 1651 vivit
418 1602 726 1659 immortalem
753 1610 798 1652 et
819 1602 1174 1667 impassibilem,
1203 1602 1587 1665 omnipotentem.

205 1677 342 1725 Nam
359 1685 405 1724 et
423 1695 506 1725 nos
524 1714 536 1737 ‚
562 1677 609 1726 id
631 1685 729 1739 est,
757 1679 817 1726 ita
840 1686 887 1726 et
904 1694 1007 1726 nos,
1025 1674 1134 1742 Syr.
1160 1678 1267 1741 quin
1288 1682 1334 1724 et
1356 1691 1466 1736 nos,
1497 1673 1715 1740 Apostoli

142 1772 244 1804 cum
277 1755 351 1803 illo
372 1791 384 1815 ‚
419 1762 463 1804 et
499 1762 682 1819 propter
703 1754 827 1803 illum
845 1791 858 1815 ‚
886 1763 931 1804 et
956 1754 1012 1803 ad
1037 1754 1152 1803 illius
1174 1755 1475 1802 imitationem
1491 1789 1506 1814 ,
1531 1751 1720 1817 infirmi

138 1833 357 1897 equidem
375 1851 564 1893 sumus,
584 1831 737 1881 multis
756 1833 1124 1895 infirmitatibus,
1145 1832 1346 1896 injuriis,
1365 1838 1411 1880 et
1427 1831 1716 1895 passionibus

141 1908 352 1958 obnoxu.
1239 1955 1244 1959 .

222 1979 324 2032 Sed
338 2002 398 2033 221
399 2001 540 2031 >emus
568 2000 677 2030 cum
695 2000 747 2030 co
786 2000 847 2030 ex
870 1984 1039 2032 virtute
1066 1983 1196 2032 Dei·
1175 2001 1224 2030 ιη
1248 1981 1397 2032 vobis.
1421 1975 1504 2029 Gr.
1528 1981 1575 2029 in
1598 1995 1682 2028 vos
1697 2015 1712 2040 ,

139 2079 245 2126 erga
283 2081 383 2112 vos.
413 2060 516 2127 Syr.
540 2051 623 2112 sed
646 2064 843 2111 vivimus
872 2080 975 2112 curn
1013 2081 1070 2112 eo
1102 2079 1188 2127 per
1216 2064 1434 2110 virtutem·
1462 2055 1586 2120 Dei,
1622 2053 1714 2108 etc.

208 2135 262 2187 ld
287 2147 385 2199 est,
410 2139 469 2187 ad
499 2138 614 2187 illius
647 2140 788 2187 instar
815 2135 978 2188 eadem
1007 2137 1099 2188 Dei
1120 2140 1286 2186 virtute
1310 2133 1580 2199 pollebimus
1607 2150 1716 2198 erga
1782 2189 1792 2195 ,

139 2228 244 2269 v03.

217 2284 360 2349 Quasi
396 2287 570 2337 diceret
600 2281 612 2335 vz
638 2284 715 2336 Sic
741 2295 785 2336 et
816 2303 900 2336 nos
920 2279 1137 2353 Apostoli
1161 2282 1534 2353 infirmisquidem
1559 2283 1720 2332 etim-
1792 2269 1794 2273 ⁵

137 2365 323 2414 becilles
347 2383 503 2414 sumus
543 2369 589 2414 in
610 2366 744 2413 nobis
761 2400 775 2425 ‚
802 2372 848 2415 et
886 2381 946 2413 ex
987 2371 1142 2413 natura
1169 2370 1349 2421 nostra;
1379 2360 1464 2410 sed
1490 2358 1610 2425 apud
1629 2374 1716 2409 vos
1752 2414 1755 2415 ⁷

138 2443 348 2489 vivemus
371 2450 418 2490 et
438 2457 647 2505 agemu3‚
670 2457 765 2488 non
789 2457 847 2489 ex
873 2439 1137 2488 infirmitate
1156 2444 1312 2487 nostra
1329 2474 1343 2501 ‚
1365 2435 1449 2486 sed
1470 2451 1530 2484 ex
1546 2434 1716 2483 virtute

136 2511 230 2564 Dei
246 2532 258 2572 3
276 2524 321 2563 et
332 2531 389 2564 ex
400 2517 601 2580 potentia
615 2510 781 2563 Christi
800 2516 1049 2563 resuscitati
1069 2550 1080 2573 ‚
1096 2513 1278 2577 gloriosi
1292 2520 1336 2561 et
1349 2511 1682 2574 omnipotentis
1698 2527 1711 2566 ;

135 2596 182 2640 et
204 2591 404 2656 ubiopns
427 2593 539 2652 erit,
561 2593 768 2639 vivacem
789 2598 834 2639 et
853 2590 1056 2641 divinam
1070 2589 1391 2640 exercebimus
1404 2593 1711 2653 potestatem,

137 2672 307 2722 scilicet
327 2712 340 2736 ‚
362 2681 625 2738 peccatores
646 2675 806 2721 severe
824 2671 1071 2736 puniendo.

208 2761 476 2829 Recordare
499 2762 726 2812 fornicarii
751 2757 933 2814 Satanae
949 2763 1099 2813 traditi
1118 2800 1132 2824 ‚
1151 2763 1312 2829 primae
1337 2754 1548 2808 Corinth.
1569 2756 1721 2821 capite

137 2846 330 2910 quintO,
359 2835 416 2898 fi.
442 2843 489 2894 5.
516 2840 702 2912 Elymae
724 2845 842 2910 magi
867 2846 1102 2897 excaecati.
1122 2841 1231 2895 Act.
1258 2832 1338 2892 13ss
1353 2839 1440 2890 31.

1781 2762 1794 2807 ἑ

1776 2815 1794 2868 ’Ξ
