1794 3210
328 122 332 124 a
398 98 622 136 TfllpLEx
655 72 1098 151 ExposnrossCap.
1137 85 1229 136 IV.
1498 85 1604 149 425

73 169 170 237 Y.
189 170 269 224 i5.
306 173 401 222 Ubi
420 182 488 221 est
506 191 609 236 ergo
637 173 872 221 beatitudo
896 182 1050 223 vestra
1068 173 1095 222 P
1119 169 1205 223 Gr.
1234 192 1334 241 quae
1359 176 1492 240 igitur
1514 183 1609 242 erat

0 253 2 255 ’
34 251 271 313 beatitudo
293 250 474 300 vestra?
495 247 598 317 Syr.
627 251 706 299 ubi
733 260 800 300 est
825 268 934 314 ergo
954 250 1189 301 beatitudo
1208 259 1358 302 vestra
1389 254 1411 303 ἐ’

19 352 26 360 ’
102 325 165 380 Id
187 339 278 394 est,
306 333 397 396 quo
431 330 542 379 abiit
565 337 718 379 vester
762 346 867 393 erga
902 347 978 379 me
1004 329 1168 379 amor'?
1197 333 1430 395 gaudium,
1457 342 1504 384 et
1523 333 1604 385 fe·-

31 408 174 461 licitas
208 418 380 471 vestra,
421 409 483 457 ob
511 424 666 455 meum
700 406 759 455 ad
789 424 873 454 vos
913 407 1195 469 adventum,
1231 411 1292 457 ob
1317 428 1440 460 meas
1481 415 1603 478 apud

32 507 120 540 vos
152 491 498 552 praedicationes
532 495 579 535 et
604 502 753 535 meam
790 487 908 535 inter
943 505 1027 543 vos
1049 492 1495 541 'conversationemi'

110 566 442 617 Testimonium
469 565 664 611 enim...
700 569 849 611 tantus
874 571 970 612 erat
1002 563 1073 611 ille
1100 571 1252 613 vester
1275 582 1418 626 amor,
1451 575 1498 616 ut
1526 567 1605 619 vel

12 642 174 692 ‘oculis
197 642 373 692 charior
398 657 550 690 essem
576 641 726 688 vobis.
754 637 873 689 Vide
897 640 1220 707 paraphrasim.

101 716 168 780 y.
202 710 279 767 16.
318 717 438 778 Ergo
463 716 682 762 inimicus
703 716 883 764 vobis...
903 718 931 765 ,Ρ

101 795 311 864 Ergone,
345 799 449 861 quia
486 813 659 848 verum.
680 798 814 845 vobis
840 798 960 858 dico,
999 798 1105 847 ideo
1134 816 1211 849 me
1247 804 1411 866 putatis
1434 805 1601 855 inimi-

35 892 138 927 cum
158 874 394 925 vestrum?
419 871 541 923 Vide
572 872 893 939 paraphrasim.

102 949 180 1002 Ex
216 951 301 1001 hac
333 950 591 1015 apostolicae
623 949 847 998 charitalis
871 958 965 1000 arte
989 950 1128 1000 discat
1153 953 1356 1017 praelatus
1377 990 1390 1012 ,
1416 958 1602 1006 omnis-

35 1049 125 1099 que
157 1035 408 1091 animarum
443 1030 593 1080 salutis
624 1032 829 1079 minister
857 1040 901 1080 et
931 1042 1216 1098 cooperator,
1251 1037 1297 1083 in
1323 1054 1512 1087 omnem
1547 1056 1600 1087 se

31 1106 226 1158 formam
259 1105 578 1156 transformare
596 1141 608 1164 ,
643 1107 795 1153 omnia
828 1107 1041 1155 omnibus
1063 1125 1114 1156 se
1139 1108 1316 1171 facere,
1346 1122 1394 1162 ut
1428 1117 1603 1166 animas

29 1181 213 1235 Christo
233 1182 474 1233 lucrifaciat
493 1189 539 1230 et
560 1181 617 1230 ad
639 1185 961 1245 poenitentiam
989 1184 1198 1235 adducat.

97 1254 156 1313 fi.
188 1281 265 1328 17.
290 1262 596 1311 AEmulantm·
620 1278 772 1310 voa...
797 1262 1162 1326 pseudoapostoli
1185 1263 1466 1326 judaizantes
1491 1287 1602 1319 am-

29 1341 164 1390 biunt
201 1357 315 1400 vos,
346 1348 391 1390 et
421 1339 650 1405 zelotypia
687 1338 890 1388 laborant
924 1357 1028 1404 erga
1064 1358 1183 1403 vos,
1223 1360 1304 1394 seu
1341 1357 1494 1399 amant
1516 1368 1601 1400 vos

33 1433 135 1467 cum
157 1417 443 1467 aemulatione
465 1425 509 1465 et
531 1415 773 1482 zelotypia.

76 1495 212 1546 'Non
240 1497 364 1544 benc.
399 1493 508 1545 Non
534 1495 660 1543 bono
692 1493 812 1551 ze10‚
849 1511 937 1542 nec
971 1493 1029 1542 ad
1069 1495 1244 1546 bonum
1270 1509 1493 1568 vestrum,
1517 1507 1602 1557 sed

31 1573 90 1624 ad
110 1591 242 1625 suum
267 1572 564 1623 commodum
586 1580 631 1620 et
665 1571 722 1620 ad
746 1589 871 1620 suam
907 1571 1108 1637 gloriam.

100 1654 199 1703 Sed
216 1653 460 1702 excludere
484 1671 567 1702 vos
596 1653 778 1711 volunt,
809 1651 998 1715 scilicet,
1034 1656 1060 1702 a
1097 1672 1192 1718 me,
1214 1660 1238 1706 a
1278 1657 1389 1721 fide,
1416 1660 1472 1710 ab
1505 1658 1615 1715 Ec-,

32 1727 184 1781 clesia.

110 1807 176 1855 Ut
207 1805 311 1854 illos
339 1805 643 1866 oemulemini,
679 1805 725 1855 id
749 1810 838 1864 est,
881 1809 1059 1867 ametis,
1096 1809 1402 1879 admiremini,
1426 1818 1602 1884 illisque

33 1882 377 1949 agglutinemini
417 1898 521 1930 cum
561 1880 707 1929 nostri
729 1879 1008 1930 exclusione.
1043 1878 1097 1931 In
1124 1885 1445 1945 judaizantium
1476 1896 1605 1947 zelo-

34 1964 206 2028 typiam
228 1959 373 2021 rejicit
401 1957 575 2022 culpam
606 1955 739 2019 hujus
766 1954 1024 2007 Galatarum
1048 1964 1327 2016 mutationis.

79 2029 181 2093 3?
202 2033 280 2086 18.
311 2036 497 2083 Bonum
521 2043 678 2083 autem
700 2036 1060 2087 oemulamim'....
1096 2038 1269 2090 bonum
1311 2052 1462 2097 autem
1490 2066 1603 2101 ma·-

31 2117 220 2182 gistrum
253 2111 526 2162 aemulamini
559 2131 570 2159 ε
607 2128 709 2160 cum
744 2114 844 2162 zelo
883 2113 1055 2178 diligite
1096 2124 1140 2164 et
1189 2120 1463 2188 imitamini,
1505 2146 1604 2181 non

31 2195 178 2246 malos
204 2195 455 2259 magistros.

102 2275 164 2324 ln
190 2275 326 2334 bono,
361 2272 408 2322 id
434 2280 521 2333 est,
558 2289 652 2322 non
678 2273 726 2319 in
752 2275 877 2322 omni
916 2291 983 2335 re,
1024 2275 1106 2324 sed
1142 2279 1190 2328 in
1225 2279 1364 2334 bona.

44 2398 56 2415 ,
82 2355 310 2419 Semper,
345 2352 390 2401 id
429 2359 517 2413 est,
553 2359 819 2401 constanter
854 2360 900 2401 et
934 2371 1027 2403 non
1064 2361 1238 2408 tantum
1262 2363 1307 2410 in
1339 2370 1603 2427 praesentia

106 2429 404 2483 Laudabilem
438 2428 573 2478 docet
599 2429 952 2495 aemulationem,
980 2449 1079 2497 quae
1106 2434 1214 2485 duas
1248 2447 1321 2489 aut
1345 2449 1439 2492 tres
1462 2443 1604 2497 habet

40 2508 347 2560 conditiones.

108 2583 179 2635 Sit
204 2582 432 2632 aemulatio
463 2582 575 2633 boni
607 2583 819 2644 doctoriS,
857 2586 1010 2636 ten‘dat
1034 2589 1091 2638 ad
1114 2590 1304 2653 bonum,
1332 2603 1376 2644 et
1401 2600 1458 2647 sit
1482 2618 1605 2651 con..

36 2672 178 2725 stans,
204 2664 251 2712 in
275 2662 480 2710 absentia
506 2677 800 2726 perseverans
827 2665 943 2714 sicut
969 2667 1016 2714 in
1043 2670 1298 2730 praesentia.

104 2737 168 2797 Et
205 2737 292 2789 hac
324 2737 478 2789 ultima
517 2732 779 2790 conditione
817 2742 996 2792 videtur
1030 2741 1281 2811 Apostolus
1313 2746 1484 2803 Galatis
1509 2773 1604 2808 ex-
1676 2757 1679 2761 ’

40 2819 255 2886 probrare
287 2818 408 2886 quod
431 2821 536 2868 cum
559 2821 706 2885 ipsum
744 2829 1014 2886 praesentem
1039 2824 1396 2890 zelass.ent.,.cito
1433 2833 1605 2887 absen-

43 2905 146 2947 tem.
164 2896 480 2960 neglexerunt,
507 2903 556 2945 ut
591 2894 683 2944 aliis
706 2894 1003 2950 adhaererent.

308 2977 386 3014 111.
1325 2972 1402 3025 18.
1436 2973 1449 2978 ”
