<?xml version="1.0" encoding="UTF-8"?>
<!DOCTYPE html PUBLIC "-//W3C//DTD XHTML 1.0 Transitional//EN"
    "http://www.w3.org/TR/xhtml1/DTD/xhtml1-transitional.dtd">
<html xmlns="http://www.w3.org/1999/xhtml" xml:lang="en" lang="en">
 <head>
  <title>
</title>
<meta http-equiv="Content-Type" content="text/html;charset=utf-8" />
  <meta name='ocr-system' content='tesseract 3.04.00' />
  <meta name='ocr-capabilities' content='ocr_page ocr_carea ocr_par ocr_line ocrx_word'/>
</head>
<body>
  <div class='ocr_page' id='page_1' title='image "./epistolaumbpauli03picq_0110.png"; bbox 0 0 1754 3210; ppageno 0'>
   <div class='ocr_carea' id='block_1_1' title="bbox 140 98 1421 170">
    <p class='ocr_par' dir='ltr' id='par_1_1' title="bbox 140 98 1421 170">
     <span class='ocr_line' id='line_1_1' title="bbox 140 98 1421 170; baseline 0.01 -21"><span class='ocrx_word' id='word_1_1' title='bbox 140 98 215 170; x_wconf 77' lang='lat'>98</span> <span class='ocrx_word' id='word_1_2' title='bbox 448 114 708 154; x_wconf 67' lang='lat' dir='ltr'>secuntus</span> <span class='ocrx_word' id='word_1_3' title='bbox 732 117 988 157; x_wconf 69' lang='lat' dir='ltr'>ems‘romn</span> <span class='ocrx_word' id='word_1_4' title='bbox 1010 119 1081 156; x_wconf 81' lang='lat' dir='ltr'>An</span> <span class='ocrx_word' id='word_1_5' title='bbox 1107 108 1421 163; x_wconf 54' lang='lat' dir='ltr'>coniuratos</span> 
     </span>
    </p>
   </div>
   <div class='ocr_carea' id='block_1_2' title="bbox 157 309 1723 337">
    <p class='ocr_par' dir='ltr' id='par_1_2' title="bbox 157 309 1723 337">
     <span class='ocr_line' id='line_1_2' title="bbox 157 309 1723 337; baseline 0 2873"><span class='ocrx_word' id='word_1_6' title='bbox 157 309 1723 337; x_wconf 95' lang='lat' dir='ltr'> </span> 
     </span>
    </p>
   </div>
   <div class='ocr_carea' id='block_1_3' title="bbox 566 432 1240 504">
    <p class='ocr_par' dir='ltr' id='par_1_3' title="bbox 566 432 1240 504">
     <span class='ocr_line' id='line_1_3' title="bbox 566 432 1240 504; baseline 0.012 -22"><span class='ocrx_word' id='word_1_7' title='bbox 566 432 942 486; x_wconf 75' lang='lat' dir='ltr'><strong><em>Commentarius</em></strong></span> <span class='ocrx_word' id='word_1_8' title='bbox 963 438 1013 487; x_wconf 81' lang='lat' dir='ltr'>in</span> <span class='ocrx_word' id='word_1_9' title='bbox 1047 435 1164 504; x_wconf 77' lang='lat' dir='ltr'>Cap.</span> <span class='ocrx_word' id='word_1_10' title='bbox 1192 436 1240 490; x_wconf 88' lang='grc'>5.</span> 
     </span>
    </p>
   </div>
   <div class='ocr_carea' id='block_1_4' title="bbox 78 590 1754 2138">
    <p class='ocr_par' dir='ltr' id='par_1_4' title="bbox 133 590 1723 795">
     <span class='ocr_line' id='line_1_4' title="bbox 135 590 1723 726; baseline 0.008 -26"><span class='ocrx_word' id='word_1_11' title='bbox 135 647 210 713; x_wconf 59' lang='lat' dir='ltr'>y,</span> <span class='ocrx_word' id='word_1_12' title='bbox 236 669 281 702; x_wconf 85' lang='lat'>1.</span> <span class='ocrx_word' id='word_1_13' title='bbox 314 590 555 701; x_wconf 75' lang='lat' dir='ltr'>Scimus</span> <span class='ocrx_word' id='word_1_14' title='bbox 579 653 721 702; x_wconf 84' lang='lat' dir='ltr'>cm⁰.m</span> <span class='ocrx_word' id='word_1_15' title='bbox 772 649 934 703; x_wconf 77' lang='lat' dir='ltr'>,Haee</span> <span class='ocrx_word' id='word_1_16' title='bbox 958 655 1202 720; x_wconf 86' lang='lat' dir='ltr'>particula,</span> <span class='ocrx_word' id='word_1_17' title='bbox 1225 657 1379 713; x_wconf 72' lang='lat' dir='ltr'>enim,</span> <span class='ocrx_word' id='word_1_18' title='bbox 1404 657 1574 709; x_wconf 87' lang='lat' dir='ltr'>indicat</span> <span class='ocrx_word' id='word_1_19' title='bbox 1597 662 1723 726; x_wconf 71' lang='lat' dir='ltr'>quod</span> 
     </span>
     <span class='ocr_line' id='line_1_5' title="bbox 133 726 1471 795; baseline -0.001 -15"><span class='ocrx_word' id='word_1_20' title='bbox 133 729 243 781; x_wconf 80' lang='lat' dir='ltr'>haec</span> <span class='ocrx_word' id='word_1_21' title='bbox 267 747 371 779; x_wconf 87' lang='lat' dir='ltr'>cum</span> <span class='ocrx_word' id='word_1_22' title='bbox 398 728 809 795; x_wconf 73' lang='lat' dir='ltr'><strong>praecedentibus</strong></span> <span class='ocrx_word' id='word_1_23' title='bbox 797 746 847 779; x_wconf 87' lang='lat' dir='ltr'>m</span> <span class='ocrx_word' id='word_1_24' title='bbox 885 726 983 780; x_wconf 82' lang='lat' dir='ltr'>fine</span> <span class='ocrx_word' id='word_1_25' title='bbox 1009 747 1109 795; x_wconf 89' lang='lat' dir='ltr'>cap.</span> <span class='ocrx_word' id='word_1_26' title='bbox 1135 732 1186 792; x_wconf 76' lang='grc'>4.</span> <span class='ocrx_word' id='word_1_27' title='bbox 1217 733 1471 786; x_wconf 73' lang='lat' dir='ltr'>cohaerent,</span> 
     </span>
    </p>

    <p class='ocr_par' dir='ltr' id='par_1_5' title="bbox 208 807 1721 882">
     <span class='ocr_line' id='line_1_6' title="bbox 208 807 1721 882; baseline 0.005 -23"><span class='ocrx_word' id='word_1_28' title='bbox 208 807 303 859; x_wconf 86' lang='lat' dir='ltr'>Dat</span> <span class='ocrx_word' id='word_1_29' title='bbox 331 826 440 873; x_wconf 84' lang='lat' dir='ltr'>ergo</span> <span class='ocrx_word' id='word_1_30' title='bbox 459 810 683 857; x_wconf 87' lang='lat' dir='ltr'>rationem</span> <span class='ocrx_word' id='word_1_31' title='bbox 705 824 781 857; x_wconf 90' lang='lat' dir='ltr'>cur</span> <span class='ocrx_word' id='word_1_32' title='bbox 802 807 861 857; x_wconf 87' lang='lat' dir='ltr'>ad</span> <span class='ocrx_word' id='word_1_33' title='bbox 882 809 1076 858; x_wconf 83' lang='lat' dir='ltr'>visibilia</span> <span class='ocrx_word' id='word_1_34' title='bbox 1099 817 1147 859; x_wconf 90' lang='lat' dir='ltr'>et</span> <span class='ocrx_word' id='word_1_35' title='bbox 1170 816 1443 876; x_wconf 80' lang='lat' dir='ltr'>temporaria</span> <span class='ocrx_word' id='word_1_36' title='bbox 1461 832 1559 864; x_wconf 87' lang='lat' dir='ltr'>non</span> <span class='ocrx_word' id='word_1_37' title='bbox 1582 833 1721 882; x_wconf 82' lang='lat' dir='ltr'>spec·-</span> 
     </span>
    </p>

    <p class='ocr_par' dir='ltr' id='par_1_6' title="bbox 78 889 1717 1036">
     <span class='ocr_line' id='line_1_7' title="bbox 78 889 1717 963; baseline 0.005 -22"><span class='ocrx_word' id='word_1_38' title='bbox 78 948 82 951; x_wconf 41' lang='grc'><strong>,</strong></span> <span class='ocrx_word' id='word_1_39' title='bbox 133 898 256 952; x_wconf 71' lang='lat' dir='ltr'>tent,</span> <span class='ocrx_word' id='word_1_40' title='bbox 271 899 318 940; x_wconf 86' lang='lat' dir='ltr'>et</span> <span class='ocrx_word' id='word_1_41' title='bbox 339 907 417 939; x_wconf 87' lang='lat' dir='ltr'>cur</span> <span class='ocrx_word' id='word_1_42' title='bbox 433 906 528 938; x_wconf 93' lang='lat' dir='ltr'>non</span> <span class='ocrx_word' id='word_1_43' title='bbox 541 889 751 938; x_wconf 85' lang='lat' dir='ltr'>deficiant</span> <span class='ocrx_word' id='word_1_44' title='bbox 769 891 814 938; x_wconf 90' lang='lat' dir='ltr'>in</span> <span class='ocrx_word' id='word_1_45' title='bbox 831 894 1170 942; x_wconf 81' lang='lat' dir='ltr'>momentaneis</span> <span class='ocrx_word' id='word_1_46' title='bbox 1186 892 1551 945; x_wconf 81' lang='lat' dir='ltr'>tribulationibus</span> <span class='ocrx_word' id='word_1_47' title='bbox 1567 916 1580 955; x_wconf 90' lang='lat'>;</span> <span class='ocrx_word' id='word_1_48' title='bbox 1601 899 1717 963; x_wconf 79' lang='lat' dir='ltr'>imo,</span> 
     </span>
     <span class='ocr_line' id='line_1_8' title="bbox 133 969 1268 1036; baseline -0.001 -16"><span class='ocrx_word' id='word_1_49' title='bbox 133 974 219 1020; x_wconf 69' lang='lat' dir='ltr'>cur</span> <span class='ocrx_word' id='word_1_50' title='bbox 241 986 378 1020; x_wconf 86' lang='lat' dir='ltr'>mens</span> <span class='ocrx_word' id='word_1_51' title='bbox 405 974 655 1018; x_wconf 86' lang='lat' dir='ltr'>renovetur</span> <span class='ocrx_word' id='word_1_52' title='bbox 671 1005 684 1031; x_wconf 88' lang='lat'>‚</span> <span class='ocrx_word' id='word_1_53' title='bbox 710 969 790 1017; x_wconf 85' lang='lat' dir='ltr'>ubi</span> <span class='ocrx_word' id='word_1_54' title='bbox 812 985 916 1018; x_wconf 88' lang='lat' dir='ltr'>caro</span> <span class='ocrx_word' id='word_1_55' title='bbox 949 969 1268 1036; x_wconf 70' lang='lat' dir='ltr'>corrumpitur,</span> 
     </span>
    </p>

    <p class='ocr_par' dir='ltr' id='par_1_7' title="bbox 133 1046 1717 1192">
     <span class='ocr_line' id='line_1_9' title="bbox 204 1046 1717 1118; baseline 0.004 -20"><span class='ocrx_word' id='word_1_56' title='bbox 204 1046 367 1114; x_wconf 81' lang='lat' dir='ltr'>Pergit</span> <span class='ocrx_word' id='word_1_57' title='bbox 384 1050 534 1111; x_wconf 85' lang='lat' dir='ltr'>itaque</span> <span class='ocrx_word' id='word_1_58' title='bbox 554 1046 777 1096; x_wconf 77' lang='lat' dir='ltr'>incuicare</span> <span class='ocrx_word' id='word_1_59' title='bbox 802 1051 909 1098; x_wconf 85' lang='lat' dir='ltr'>vitae</span> <span class='ocrx_word' id='word_1_60' title='bbox 929 1047 1092 1098; x_wconf 81' lang='lat' dir='ltr'>suturae</span> <span class='ocrx_word' id='word_1_61' title='bbox 1112 1049 1318 1114; x_wconf 80' lang='lat' dir='ltr'>gloriam,</span> <span class='ocrx_word' id='word_1_62' title='bbox 1343 1059 1387 1101; x_wconf 88' lang='lat' dir='ltr'>et</span> <span class='ocrx_word' id='word_1_63' title='bbox 1420 1055 1639 1118; x_wconf 73' lang='lat' dir='ltr'>quantum</span> <span class='ocrx_word' id='word_1_64' title='bbox 1657 1053 1717 1104; x_wconf 88' lang='lat' dir='ltr'>ad</span> 
     </span>
     <span class='ocr_line' id='line_1_10' title="bbox 133 1124 980 1192; baseline 0 -15"><span class='ocrx_word' id='word_1_65' title='bbox 133 1143 334 1189; x_wconf 86' lang='lat' dir='ltr'>corpus,</span> <span class='ocrx_word' id='word_1_66' title='bbox 362 1133 415 1192; x_wconf 74' lang='lat' dir='ltr'>et.</span> <span class='ocrx_word' id='word_1_67' title='bbox 433 1128 651 1190; x_wconf 78' lang='lat' dir='ltr'>quantum</span> <span class='ocrx_word' id='word_1_68' title='bbox 683 1124 742 1174; x_wconf 88' lang='lat' dir='ltr'>ad</span> <span class='ocrx_word' id='word_1_69' title='bbox 762 1126 980 1177; x_wconf 89' lang='lat' dir='ltr'>animam.</span> 
     </span>
    </p>

    <p class='ocr_par' dir='ltr' id='par_1_8' title="bbox 128 1202 1715 1350">
     <span class='ocr_line' id='line_1_11' title="bbox 202 1202 1715 1277; baseline 0.003 -24"><span class='ocrx_word' id='word_1_70' title='bbox 202 1202 386 1266; x_wconf 73' lang='lat' dir='ltr'>Primo,</span> <span class='ocrx_word' id='word_1_71' title='bbox 413 1207 634 1270; x_wconf 77' lang='lat' dir='ltr'>quantum</span> <span class='ocrx_word' id='word_1_72' title='bbox 654 1202 714 1252; x_wconf 84' lang='lat' dir='ltr'>ad</span> <span class='ocrx_word' id='word_1_73' title='bbox 740 1219 931 1269; x_wconf 79' lang='lat' dir='ltr'>corpuS,</span> <span class='ocrx_word' id='word_1_74' title='bbox 957 1212 1062 1271; x_wconf 85' lang='lat' dir='ltr'>post</span> <span class='ocrx_word' id='word_1_75' title='bbox 1087 1207 1493 1270; x_wconf 80' lang='lat' dir='ltr'>resurrectionem,</span> <span class='ocrx_word' id='word_1_76' title='bbox 1528 1207 1586 1257; x_wconf 84' lang='lat' dir='ltr'>de</span> <span class='ocrx_word' id='word_1_77' title='bbox 1626 1227 1715 1277; x_wconf 85' lang='lat' dir='ltr'>qua</span> 
     </span>
     <span class='ocr_line' id='line_1_12' title="bbox 128 1281 656 1350; baseline -0.004 -17"><span class='ocrx_word' id='word_1_78' title='bbox 128 1286 302 1350; x_wconf 72' lang='lat' dir='ltr'>snpra,</span> <span class='ocrx_word' id='word_1_79' title='bbox 341 1281 409 1346; x_wconf 62' lang='lat' dir='ltr'>Jff.</span> <span class='ocrx_word' id='word_1_80' title='bbox 457 1283 534 1343; x_wconf 67' lang='lat'>14.</span> <span class='ocrx_word' id='word_1_81' title='bbox 567 1290 656 1332; x_wconf 83' lang='lat' dir='ltr'>etc,</span> 
     </span>
    </p>

    <p class='ocr_par' dir='ltr' id='par_1_9' title="bbox 126 1359 1751 1652">
     <span class='ocr_line' id='line_1_13' title="bbox 196 1359 1708 1429; baseline 0.003 -19"><span class='ocrx_word' id='word_1_82' title='bbox 196 1363 392 1410; x_wconf 80' lang='lat' dir='ltr'>Scimus</span> <span class='ocrx_word' id='word_1_83' title='bbox 421 1360 546 1408; x_wconf 85' lang='lat' dir='ltr'>enim</span> <span class='ocrx_word' id='word_1_84' title='bbox 581 1377 662 1424; x_wconf 89' lang='lat' dir='ltr'>per</span> <span class='ocrx_word' id='word_1_85' title='bbox 691 1359 833 1410; x_wconf 85' lang='lat' dir='ltr'>fidem</span> <span class='ocrx_word' id='word_1_86' title='bbox 852 1396 867 1422; x_wconf 93' lang='lat'>,</span> <span class='ocrx_word' id='word_1_87' title='bbox 905 1378 1153 1426; x_wconf 88' lang='lat' dir='ltr'>sumusque</span> <span class='ocrx_word' id='word_1_88' title='bbox 1187 1363 1419 1427; x_wconf 83' lang='lat' dir='ltr'>persuasi,</span> <span class='ocrx_word' id='word_1_89' title='bbox 1452 1365 1708 1429; x_wconf 77' lang='lat' dir='ltr'>quoniam,</span> 
     </span>
     <span class='ocr_line' id='line_1_14' title="bbox 128 1440 1751 1508; baseline 0.002 -17"><span class='ocrx_word' id='word_1_90' title='bbox 128 1441 182 1491; x_wconf 77' lang='lat' dir='ltr'>id</span> <span class='ocrx_word' id='word_1_91' title='bbox 201 1448 294 1502; x_wconf 83' lang='lat' dir='ltr'>est,</span> <span class='ocrx_word' id='word_1_92' title='bbox 319 1440 444 1507; x_wconf 75' lang='lat' dir='ltr'>quod</span> <span class='ocrx_word' id='word_1_93' title='bbox 467 1442 511 1488; x_wconf 81' lang='lat' dir='ltr'>si</span> <span class='ocrx_word' id='word_1_94' title='bbox 533 1441 760 1488; x_wconf 77' lang='lat' dir='ltr'>terrestris</span> <span class='ocrx_word' id='word_1_95' title='bbox 779 1440 944 1490; x_wconf 82' lang='lat' dir='ltr'>domus</span> <span class='ocrx_word' id='word_1_96' title='bbox 977 1451 1159 1505; x_wconf 80' lang='lat' dir='ltr'>nostra,</span> <span class='ocrx_word' id='word_1_97' title='bbox 1194 1442 1242 1491; x_wconf 90' lang='lat' dir='ltr'>id</span> <span class='ocrx_word' id='word_1_98' title='bbox 1271 1447 1356 1502; x_wconf 85' lang='lat' dir='ltr'>est,</span> <span class='ocrx_word' id='word_1_99' title='bbox 1394 1458 1517 1500; x_wconf 83' lang='lat' dir='ltr'>caro,</span> <span class='ocrx_word' id='word_1_100' title='bbox 1555 1459 1718 1508; x_wconf 77' lang='lat' dir='ltr'>corpus</span> <span class='ocrx_word' id='word_1_101' title='bbox 1747 1458 1751 1461; x_wconf 72' lang='grc'><strong>’</strong></span> 
     </span>
     <span class='ocr_line' id='line_1_15' title="bbox 126 1517 1713 1588; baseline 0.001 -17"><span class='ocrx_word' id='word_1_102' title='bbox 126 1530 356 1580; x_wconf 79' lang='lat' dir='ltr'>nostrum,</span> <span class='ocrx_word' id='word_1_103' title='bbox 385 1517 508 1585; x_wconf 84' lang='lat' dir='ltr'>quod</span> <span class='ocrx_word' id='word_1_104' title='bbox 529 1536 590 1569; x_wconf 84' lang='lat' dir='ltr'>ex</span> <span class='ocrx_word' id='word_1_105' title='bbox 607 1527 724 1569; x_wconf 86' lang='lat' dir='ltr'>terra</span> <span class='ocrx_word' id='word_1_106' title='bbox 752 1527 799 1570; x_wconf 91' lang='lat' dir='ltr'>et</span> <span class='ocrx_word' id='word_1_107' title='bbox 824 1522 870 1571; x_wconf 89' lang='lat' dir='ltr'>in</span> <span class='ocrx_word' id='word_1_108' title='bbox 895 1528 1011 1571; x_wconf 84' lang='lat' dir='ltr'>terra</span> <span class='ocrx_word' id='word_1_109' title='bbox 1043 1530 1129 1583; x_wconf 78' lang='lat' dir='ltr'>est,</span> <span class='ocrx_word' id='word_1_110' title='bbox 1156 1522 1373 1588; x_wconf 88' lang='lat' dir='ltr'>quodque</span> <span class='ocrx_word' id='word_1_111' title='bbox 1395 1525 1525 1588; x_wconf 83' lang='lat' dir='ltr'>quasi·</span> <span class='ocrx_word' id='word_1_112' title='bbox 1544 1525 1713 1573; x_wconf 81' lang='lat' dir='ltr'>animae</span> 
     </span>
     <span class='ocr_line' id='line_1_16' title="bbox 130 1599 994 1652; baseline -0.007 0"><span class='ocrx_word' id='word_1_113' title='bbox 130 1610 305 1652; x_wconf 83' lang='lat' dir='ltr'>nostrae</span> <span class='ocrx_word' id='word_1_114' title='bbox 329 1599 629 1649; x_wconf 78' lang='lat' dir='ltr'>domicilium.</span> <span class='ocrx_word' id='word_1_115' title='bbox 989 1621 994 1626; x_wconf 91' lang='lat'><strong>·</strong></span> 
     </span>
    </p>

    <p class='ocr_par' dir='ltr' id='par_1_10' title="bbox 122 1676 1748 1981">
     <span class='ocr_line' id='line_1_17' title="bbox 199 1676 1715 1746; baseline 0 -16"><span class='ocrx_word' id='word_1_116' title='bbox 199 1680 365 1746; x_wconf 76' lang='lat' dir='ltr'>Hujus</span> <span class='ocrx_word' id='word_1_117' title='bbox 393 1676 703 1727; x_wconf 68' lang='lat' dir='ltr'>habitationis·</span> <span class='ocrx_word' id='word_1_118' title='bbox 712 1714 729 1737; x_wconf 88' lang='lat'><em>‚</em></span> <span class='ocrx_word' id='word_1_119' title='bbox 758 1677 806 1728; x_wconf 91' lang='lat' dir='ltr'>id</span> <span class='ocrx_word' id='word_1_120' title='bbox 828 1685 927 1741; x_wconf 88' lang='lat' dir='ltr'>est,</span> <span class='ocrx_word' id='word_1_121' title='bbox 957 1681 1003 1728; x_wconf 90' lang='lat' dir='ltr'>in</span> <span class='ocrx_word' id='word_1_122' title='bbox 1027 1696 1119 1745; x_wconf 90' lang='lat' dir='ltr'>quo</span> <span class='ocrx_word' id='word_1_123' title='bbox 1152 1696 1274 1730; x_wconf 89' lang='lat' dir='ltr'>nunc</span> <span class='ocrx_word' id='word_1_124' title='bbox 1296 1678 1486 1730; x_wconf 86' lang='lat' dir='ltr'>habitat.</span> <span class='ocrx_word' id='word_1_125' title='bbox 1511 1676 1594 1731; x_wconf 85' lang='lat' dir='ltr'>Gr.</span> <span class='ocrx_word' id='word_1_126' title='bbox 1617 1680 1715 1730; x_wconf 86' lang='lat' dir='ltr'>do·-</span> 
     </span>
     <span class='ocr_line' id='line_1_18' title="bbox 127 1755 1714 1826; baseline -0.002 -16"><span class='ocrx_word' id='word_1_127' title='bbox 127 1777 235 1811; x_wconf 85' lang='lat' dir='ltr'>mus</span> <span class='ocrx_word' id='word_1_128' title='bbox 255 1755 562 1816; x_wconf 86' lang='lat' dir='ltr'>tabernaculi,</span> <span class='ocrx_word' id='word_1_129' title='bbox 595 1756 642 1806; x_wconf 92' lang='lat' dir='ltr'>id</span> <span class='ocrx_word' id='word_1_130' title='bbox 683 1764 781 1817; x_wconf 89' lang='lat' dir='ltr'>est,</span> <span class='ocrx_word' id='word_1_131' title='bbox 813 1759 861 1806; x_wconf 89' lang='lat' dir='ltr'>in</span> <span class='ocrx_word' id='word_1_132' title='bbox 890 1773 978 1822; x_wconf 91' lang='lat' dir='ltr'>qua</span> <span class='ocrx_word' id='word_1_133' title='bbox 1007 1757 1148 1826; x_wconf 86' lang='lat' dir='ltr'>domo</span> <span class='ocrx_word' id='word_1_134' title='bbox 1173 1756 1379 1820; x_wconf 87' lang='lat' dir='ltr'>habitat,</span> <span class='ocrx_word' id='word_1_135' title='bbox 1403 1760 1529 1824; x_wconf 88' lang='lat' dir='ltr'>quasi</span> <span class='ocrx_word' id='word_1_136' title='bbox 1557 1760 1605 1806; x_wconf 87' lang='lat' dir='ltr'>in</span> <span class='ocrx_word' id='word_1_137' title='bbox 1636 1766 1714 1808; x_wconf 85' lang='lat' dir='ltr'>ta-</span> 
     </span>
     <span class='ocr_line' id='line_1_19' title="bbox 124 1834 1748 1906; baseline -0.001 -14"><span class='ocrx_word' id='word_1_138' title='bbox 124 1842 402 1901; x_wconf 79' lang='lat' dir='ltr'>bernaculo,</span> <span class='ocrx_word' id='word_1_139' title='bbox 436 1859 516 1891; x_wconf 86' lang='lat' dir='ltr'>seu</span> <span class='ocrx_word' id='word_1_140' title='bbox 544 1841 774 1901; x_wconf 78' lang='lat' dir='ltr'>tentorio,</span> <span class='ocrx_word' id='word_1_141' title='bbox 812 1839 871 1888; x_wconf 88' lang='lat' dir='ltr'>ad</span> <span class='ocrx_word' id='word_1_142' title='bbox 908 1857 1100 1906; x_wconf 86' lang='lat' dir='ltr'>parvum</span> <span class='ocrx_word' id='word_1_143' title='bbox 1133 1839 1305 1890; x_wconf 87' lang='lat' dir='ltr'>scilicet</span> <span class='ocrx_word' id='word_1_144' title='bbox 1349 1848 1552 1906; x_wconf 69' lang='lat' dir='ltr'>ternpuS,</span> <span class='ocrx_word' id='word_1_145' title='bbox 1598 1842 1713 1892; x_wconf 76' lang='lat' dir='ltr'>sicut</span> <span class='ocrx_word' id='word_1_146' title='bbox 1735 1834 1748 1898; x_wconf 10' lang='lat' dir='ltr'>‘b</span> 
     </span>
     <span class='ocr_line' id='line_1_20' title="bbox 122 1919 1364 1981; baseline -0.008 -10"><span class='ocrx_word' id='word_1_147' title='bbox 122 1919 298 1971; x_wconf 78' lang='lat' dir='ltr'>milites</span> <span class='ocrx_word' id='word_1_148' title='bbox 326 1922 374 1969; x_wconf 88' lang='lat' dir='ltr'>in</span> <span class='ocrx_word' id='word_1_149' title='bbox 400 1921 624 1968; x_wconf 88' lang='lat' dir='ltr'>tentoriis.</span> <span class='ocrx_word' id='word_1_150' title='bbox 1360 1980 1364 1981; x_wconf 18' lang='lat'><em>⁷</em></span> 
     </span>
    </p>

    <p class='ocr_par' dir='ltr' id='par_1_11' title="bbox 200 1992 1754 2060">
     <span class='ocr_line' id='line_1_21' title="bbox 200 1992 1754 2060; baseline -0.007 -9"><span class='ocrx_word' id='word_1_151' title='bbox 200 2002 516 2057; x_wconf 68' lang='lat' dir='ltr'>Dissoloatur,</span> <span class='ocrx_word' id='word_1_152' title='bbox 538 1997 586 2048; x_wconf 84' lang='lat' dir='ltr'>id</span> <span class='ocrx_word' id='word_1_153' title='bbox 608 2004 710 2060; x_wconf 86' lang='lat' dir='ltr'>est,</span> <span class='ocrx_word' id='word_1_154' title='bbox 742 1995 998 2046; x_wconf 84' lang='lat' dir='ltr'>destruatur</span> <span class='ocrx_word' id='word_1_155' title='bbox 1017 2013 1101 2060; x_wconf 88' lang='lat' dir='ltr'>pro</span> <span class='ocrx_word' id='word_1_156' title='bbox 1126 1992 1329 2044; x_wconf 85' lang='lat' dir='ltr'>Christo.</span> <span class='ocrx_word' id='word_1_157' title='bbox 1752 2054 1754 2057; x_wconf 22' lang='grc' dir='ltr'>Ι</span> 
     </span>
    </p>

    <p class='ocr_par' dir='ltr' id='par_1_12' title="bbox 197 2072 1754 2138">
     <span class='ocr_line' id='line_1_22' title="bbox 197 2072 1754 2138; baseline -0.006 -11"><span class='ocrx_word' id='word_1_158' title='bbox 197 2079 449 2127; x_wconf 80' lang='lat' dir='ltr'>Habemus</span> <span class='ocrx_word' id='word_1_159' title='bbox 460 2112 477 2136; x_wconf 92' lang='lat'>‚</span> <span class='ocrx_word' id='word_1_160' title='bbox 504 2074 552 2123; x_wconf 82' lang='lat' dir='ltr'>id</span> <span class='ocrx_word' id='word_1_161' title='bbox 587 2082 689 2135; x_wconf 89' lang='lat' dir='ltr'>est,</span> <span class='ocrx_word' id='word_1_162' title='bbox 718 2073 992 2122; x_wconf 85' lang='lat' dir='ltr'>habebimus</span> <span class='ocrx_word' id='word_1_163' title='bbox 1017 2073 1107 2120; x_wconf 75' lang='lat' dir='ltr'>cito</span> <span class='ocrx_word' id='word_1_164' title='bbox 1143 2073 1191 2120; x_wconf 86' lang='lat' dir='ltr'>in</span> <span class='ocrx_word' id='word_1_165' title='bbox 1222 2072 1560 2130; x_wconf 85' lang='lat' dir='ltr'>resurrectione</span> <span class='ocrx_word' id='word_1_166' title='bbox 1579 2091 1590 2120; x_wconf 77' lang='lat' dir='ltr'><em>z</em></span> <span class='ocrx_word' id='word_1_167' title='bbox 1611 2075 1710 2138; x_wconf 75' lang='lat' dir='ltr'>agi·</span> <span class='ocrx_word' id='word_1_168' title='bbox 1749 2090 1754 2127; x_wconf 62' lang='lat'>‘³</span> 
     </span>
    </p>
   </div>
   <div class='ocr_carea' id='block_1_5' title="bbox 116 2145 1754 2298">
    <p class='ocr_par' dir='ltr' id='par_1_13' title="bbox 116 2145 1754 2298">
     <span class='ocr_line' id='line_1_23' title="bbox 120 2145 1754 2214; baseline -0.004 -7"><span class='ocrx_word' id='word_1_169' title='bbox 120 2162 196 2207; x_wconf 75' lang='lat' dir='ltr'>{ur</span> <span class='ocrx_word' id='word_1_170' title='bbox 211 2158 338 2205; x_wconf 85' lang='lat' dir='ltr'>enim</span> <span class='ocrx_word' id='word_1_171' title='bbox 362 2153 420 2203; x_wconf 85' lang='lat' dir='ltr'>de</span> <span class='ocrx_word' id='word_1_172' title='bbox 443 2152 792 2210; x_wconf 86' lang='lat' dir='ltr'>resurrectione,</span> <span class='ocrx_word' id='word_1_173' title='bbox 817 2156 864 2198; x_wconf 91' lang='lat' dir='ltr'>ut</span> <span class='ocrx_word' id='word_1_174' title='bbox 886 2155 1010 2213; x_wconf 84' lang='lat' dir='ltr'>patet</span> <span class='ocrx_word' id='word_1_175' title='bbox 1029 2163 1090 2196; x_wconf 86' lang='lat' dir='ltr'>ex</span> <span class='ocrx_word' id='word_1_176' title='bbox 1115 2145 1183 2212; x_wconf 51' lang='grc' dir='ltr'>ᾔ.</span> <span class='ocrx_word' id='word_1_177' title='bbox 1210 2147 1291 2209; x_wconf 75' lang='grc' dir='ltr'>ι4,</span> <span class='ocrx_word' id='word_1_178' title='bbox 1318 2163 1417 2212; x_wconf 84' lang='lat' dir='ltr'>cap.</span> <span class='ocrx_word' id='word_1_179' title='bbox 1443 2146 1500 2208; x_wconf 66' lang='grc' dir='ltr'>[μ</span> <span class='ocrx_word' id='word_1_180' title='bbox 1523 2155 1568 2196; x_wconf 90' lang='lat' dir='ltr'>et</span> <span class='ocrx_word' id='word_1_181' title='bbox 1601 2148 1708 2200; x_wconf 85' lang='lat' dir='ltr'>ideo</span> <span class='ocrx_word' id='word_1_182' title='bbox 1746 2148 1754 2214; x_wconf 64' lang='grc' dir='ltr'><strong>ἱ</strong></span> 
     </span>
     <span class='ocr_line' id='line_1_24' title="bbox 116 2221 1754 2298; baseline -0.004 -17"><span class='ocrx_word' id='word_1_183' title='bbox 116 2233 363 2298; x_wconf 79' lang='lat' dir='ltr'>sequentia</span> <span class='ocrx_word' id='word_1_184' title='bbox 383 2230 487 2280; x_wconf 88' lang='lat' dir='ltr'>sunt</span> <span class='ocrx_word' id='word_1_185' title='bbox 513 2225 803 2292; x_wconf 83' lang='lat' dir='ltr'>intelligenda</span> <span class='ocrx_word' id='word_1_186' title='bbox 838 2223 897 2276; x_wconf 87' lang='lat' dir='ltr'>de</span> <span class='ocrx_word' id='word_1_187' title='bbox 926 2242 1118 2293; x_wconf 89' lang='lat' dir='ltr'>corpore</span> <span class='ocrx_word' id='word_1_188' title='bbox 1145 2224 1372 2290; x_wconf 78' lang='lat' dir='ltr'>gloriose,</span> <span class='ocrx_word' id='word_1_189' title='bbox 1397 2240 1493 2274; x_wconf 91' lang='lat' dir='ltr'>non</span> <span class='ocrx_word' id='word_1_190' title='bbox 1531 2226 1707 2292; x_wconf 77' lang='lat' dir='ltr'>simpli-</span> <span class='ocrx_word' id='word_1_191' title='bbox 1746 2221 1754 2259; x_wconf 76' lang='lat'>¹</span> 
     </span>
    </p>
   </div>
   <div class='ocr_carea' id='block_1_6' title="bbox 120 2306 1754 2448">
    <p class='ocr_par' dir='ltr' id='par_1_14' title="bbox 120 2306 1754 2448">
     <span class='ocr_line' id='line_1_25' title="bbox 120 2306 1754 2374; baseline -0.004 -16"><span class='ocrx_word' id='word_1_192' title='bbox 120 2310 237 2358; x_wconf 80' lang='lat' dir='ltr'>citer</span> <span class='ocrx_word' id='word_1_193' title='bbox 265 2307 323 2357; x_wconf 90' lang='lat' dir='ltr'>de</span> <span class='ocrx_word' id='word_1_194' title='bbox 351 2306 490 2372; x_wconf 77' lang='lat' dir='ltr'>gloria</span> <span class='ocrx_word' id='word_1_195' title='bbox 513 2307 693 2355; x_wconf 84' lang='lat' dir='ltr'>animae.</span> <span class='ocrx_word' id='word_1_196' title='bbox 1728 2358 1754 2374; x_wconf 28' lang='grc'>,-</span> 
     </span>
     <span class='ocr_line' id='line_1_26' title="bbox 186 2377 1751 2448; baseline -0.004 -11"><span class='ocrx_word' id='word_1_197' title='bbox 186 2384 600 2448; x_wconf 56' lang='grc' dir='ltr'>ἈΕᾱῐΙὶεαίὶοηειη,</span> <span class='ocrx_word' id='word_1_198' title='bbox 631 2383 679 2433; x_wconf 83' lang='grc' dir='ltr'>ἰ(1</span> <span class='ocrx_word' id='word_1_199' title='bbox 703 2389 789 2444; x_wconf 84' lang='lat' dir='ltr'>est,</span> <span class='ocrx_word' id='word_1_200' title='bbox 810 2381 1096 2433; x_wconf 81' lang='lat' dir='ltr'>aedificium</span> <span class='ocrx_word' id='word_1_201' title='bbox 1080 2399 1106 2430; x_wconf 87' lang='lat' dir='ltr'>a</span> <span class='ocrx_word' id='word_1_202' title='bbox 1130 2377 1238 2432; x_wconf 86' lang='lat' dir='ltr'>Deo</span> <span class='ocrx_word' id='word_1_203' title='bbox 1266 2380 1460 2442; x_wconf 85' lang='lat' dir='ltr'>sactum,</span> <span class='ocrx_word' id='word_1_204' title='bbox 1488 2397 1569 2432; x_wconf 86' lang='lat' dir='ltr'>seu</span> <span class='ocrx_word' id='word_1_205' title='bbox 1593 2398 1706 2431; x_wconf 88' lang='lat' dir='ltr'>cor-</span> <span class='ocrx_word' id='word_1_206' title='bbox 1748 2438 1751 2443; x_wconf 88' lang='lat'>.</span> 
     </span>
    </p>
   </div>
   <div class='ocr_carea' id='block_1_7' title="bbox 118 2451 1754 2606">
    <p class='ocr_par' dir='ltr' id='par_1_15' title="bbox 118 2451 1754 2606">
     <span class='ocr_line' id='line_1_27' title="bbox 118 2451 1531 2531; baseline -0.004 -17"><span class='ocrx_word' id='word_1_207' title='bbox 118 2481 208 2531; x_wconf 79' lang='lat' dir='ltr'>pus</span> <span class='ocrx_word' id='word_1_208' title='bbox 226 2462 481 2529; x_wconf 84' lang='lat' dir='ltr'>spirituale,</span> <span class='ocrx_word' id='word_1_209' title='bbox 503 2462 560 2512; x_wconf 86' lang='lat' dir='ltr'>de</span> <span class='ocrx_word' id='word_1_210' title='bbox 587 2478 679 2527; x_wconf 90' lang='lat' dir='ltr'>quo</span> <span class='ocrx_word' id='word_1_211' title='bbox 702 2461 864 2528; x_wconf 83' lang='lat' dir='ltr'>primae</span> <span class='ocrx_word' id='word_1_212' title='bbox 886 2455 996 2510; x_wconf 87' lang='lat' dir='ltr'>Cor.</span> <span class='ocrx_word' id='word_1_213' title='bbox 1025 2459 1104 2509; x_wconf 88' lang='lat'>15.</span> <span class='ocrx_word' id='word_1_214' title='bbox 1130 2451 1188 2510; x_wconf 63' lang='grc' dir='ltr'>Ῠ.</span> <span class='ocrx_word' id='word_1_215' title='bbox 1211 2458 1305 2521; x_wconf 74' lang='grc'>42,</span> <span class='ocrx_word' id='word_1_216' title='bbox 1336 2457 1419 2520; x_wconf 75' lang='grc'>43.</span> <span class='ocrx_word' id='word_1_217' title='bbox 1441 2466 1531 2509; x_wconf 80' lang='lat' dir='ltr'>etc.</span> 
     </span>
     <span class='ocr_line' id='line_1_28' title="bbox 189 2532 1754 2606; baseline -0.004 -14"><span class='ocrx_word' id='word_1_218' title='bbox 189 2542 307 2593; x_wconf 84' lang='lat' dir='ltr'>Non</span> <span class='ocrx_word' id='word_1_219' title='bbox 343 2537 689 2606; x_wconf 77' lang='lat' dir='ltr'>manufactum.</span> <span class='ocrx_word' id='word_1_220' title='bbox 733 2536 911 2589; x_wconf 85' lang='lat' dir='ltr'>Perstat</span> <span class='ocrx_word' id='word_1_221' title='bbox 936 2540 984 2587; x_wconf 92' lang='lat' dir='ltr'>in</span> <span class='ocrx_word' id='word_1_222' title='bbox 1019 2534 1314 2601; x_wconf 83' lang='lat' dir='ltr'>metaphora,</span> <span class='ocrx_word' id='word_1_223' title='bbox 1352 2532 1440 2602; x_wconf 62' lang='lat' dir='ltr'>qua</span> <span class='ocrx_word' id='word_1_224' title='bbox 1475 2537 1619 2602; x_wconf 88' lang='lat' dir='ltr'>coepit·</span> <span class='ocrx_word' id='word_1_225' title='bbox 1640 2534 1754 2587; x_wconf 80' lang='lat' dir='ltr'>de</span> <span class='ocrx_word' id='word_1_226' title='bbox 1752 2599 1754 2601; x_wconf 12' lang='grc' dir='ltr'><strong><em>ι</em></strong></span> 
     </span>
    </p>
   </div>
   <div class='ocr_carea' id='block_1_8' title="bbox 119 2615 1703 2689">
    <p class='ocr_par' dir='ltr' id='par_1_16' title="bbox 119 2615 1703 2689">
     <span class='ocr_line' id='line_1_29' title="bbox 119 2615 1703 2689; baseline -0.005 -16"><span class='ocrx_word' id='word_1_227' title='bbox 119 2639 318 2689; x_wconf 80' lang='lat' dir='ltr'>corpore</span> <span class='ocrx_word' id='word_1_228' title='bbox 342 2621 492 2688; x_wconf 90' lang='lat' dir='ltr'>loqui,</span> <span class='ocrx_word' id='word_1_229' title='bbox 533 2638 614 2687; x_wconf 89' lang='lat' dir='ltr'>per</span> <span class='ocrx_word' id='word_1_230' title='bbox 639 2619 988 2671; x_wconf 83' lang='lat' dir='ltr'>similitudinem</span> <span class='ocrx_word' id='word_1_231' title='bbox 1007 2617 1216 2679; x_wconf 83' lang='lat' dir='ltr'>aedificii,</span> <span class='ocrx_word' id='word_1_232' title='bbox 1241 2616 1367 2683; x_wconf 89' lang='lat' dir='ltr'>quod</span> <span class='ocrx_word' id='word_1_233' title='bbox 1394 2615 1584 2683; x_wconf 88' lang='lat' dir='ltr'>quidem</span> <span class='ocrx_word' id='word_1_234' title='bbox 1613 2632 1703 2666; x_wconf 82' lang='lat' dir='ltr'>so-</span> 
     </span>
    </p>
   </div>
   <div class='ocr_carea' id='block_1_9' title="bbox 116 2703 1692 2841">
    <p class='ocr_par' dir='ltr' id='par_1_17' title="bbox 116 2703 1692 2841">
     <span class='ocr_line' id='line_1_30' title="bbox 116 2703 855 2773; baseline -0.007 -15"><span class='ocrx_word' id='word_1_235' title='bbox 116 2708 181 2758; x_wconf 78' lang='lat' dir='ltr'>let</span> <span class='ocrx_word' id='word_1_236' title='bbox 206 2706 452 2756; x_wconf 87' lang='lat' dir='ltr'>hominum</span> <span class='ocrx_word' id='word_1_237' title='bbox 486 2706 700 2773; x_wconf 61' lang='lat' dir='ltr'>manibus</span> <span class='ocrx_word' id='word_1_238' title='bbox 738 2703 855 2754; x_wconf 86' lang='lat' dir='ltr'>fieri.</span> 
     </span>
     <span class='ocr_line' id='line_1_31' title="bbox 183 2774 1692 2841; baseline -0.005 -7"><span class='ocrx_word' id='word_1_239' title='bbox 183 2780 413 2834; x_wconf 82' lang='lat' dir='ltr'>Nostrum</span> <span class='ocrx_word' id='word_1_240' title='bbox 430 2787 584 2831; x_wconf 88' lang='lat' dir='ltr'>autem</span> <span class='ocrx_word' id='word_1_241' title='bbox 609 2779 853 2830; x_wconf 79' lang='lat' dir='ltr'>aedificium</span> <span class='ocrx_word' id='word_1_242' title='bbox 883 2775 1073 2828; x_wconf 88' lang='lat' dir='ltr'>coeleste</span> <span class='ocrx_word' id='word_1_243' title='bbox 1093 2814 1105 2838; x_wconf 88' lang='lat'>,</span> <span class='ocrx_word' id='word_1_244' title='bbox 1136 2793 1219 2827; x_wconf 89' lang='lat' dir='ltr'>seu</span> <span class='ocrx_word' id='word_1_245' title='bbox 1245 2791 1409 2840; x_wconf 87' lang='lat' dir='ltr'>corpus</span> <span class='ocrx_word' id='word_1_246' title='bbox 1434 2774 1692 2841; x_wconf 86' lang='lat' dir='ltr'>spirituale,</span> 
     </span>
    </p>
   </div>
   <div class='ocr_carea' id='block_1_10' title="bbox 30 2857 1145 2926">
    <p class='ocr_par' dir='ltr' id='par_1_18' title="bbox 30 2857 1145 2926">
     <span class='ocr_line' id='line_1_32' title="bbox 30 2857 1145 2926; baseline -0.007 -10"><span class='ocrx_word' id='word_1_247' title='bbox 30 2872 40 2877; x_wconf 77' lang='grc'><em>“</em></span> <span class='ocrx_word' id='word_1_248' title='bbox 108 2866 192 2916; x_wconf 80' lang='lat' dir='ltr'>fiet</span> <span class='ocrx_word' id='word_1_249' title='bbox 218 2858 306 2914; x_wconf 84' lang='lat' dir='ltr'>tale</span> <span class='ocrx_word' id='word_1_250' title='bbox 332 2862 584 2926; x_wconf 79' lang='lat' dir='ltr'>divinituS,</span> <span class='ocrx_word' id='word_1_251' title='bbox 626 2879 708 2912; x_wconf 91' lang='lat' dir='ltr'>seu</span> <span class='ocrx_word' id='word_1_252' title='bbox 732 2857 890 2912; x_wconf 66' lang='lat' dir='ltr'>divina</span> <span class='ocrx_word' id='word_1_253' title='bbox 923 2858 1145 2925; x_wconf 71' lang='lat' dir='ltr'>potentia.</span> 
     </span>
    </p>
   </div>
   <div class='ocr_carea' id='block_1_11' title="bbox 156 2934 1749 3012">
    <p class='ocr_par' dir='ltr' id='par_1_19' title="bbox 156 2934 1749 3012">
     <span class='ocr_line' id='line_1_33' title="bbox 156 2934 1749 3012; baseline -0.005 -16"><span class='ocrx_word' id='word_1_254' title='bbox 156 2941 342 3012; x_wconf 82' lang='lat' dir='ltr'>Corpus</span> <span class='ocrx_word' id='word_1_255' title='bbox 356 2942 575 3010; x_wconf 86' lang='lat' dir='ltr'>equidem</span> <span class='ocrx_word' id='word_1_256' title='bbox 601 2940 798 2993; x_wconf 88' lang='lat' dir='ltr'>animale</span> <span class='ocrx_word' id='word_1_257' title='bbox 822 2940 992 2992; x_wconf 84' lang='lat' dir='ltr'>sactum</span> <span class='ocrx_word' id='word_1_258' title='bbox 1013 2934 1299 2990; x_wconf 67' lang='lat' dir='ltr'>esthumana</span> <span class='ocrx_word' id='word_1_259' title='bbox 1311 2939 1600 3012; x_wconf 46' lang='lat' dir='ltr'>operation&amp;</span> <span class='ocrx_word' id='word_1_260' title='bbox 1615 2953 1715 2988; x_wconf 88' lang='lat' dir='ltr'>cor·</span> <span class='ocrx_word' id='word_1_261' title='bbox 1742 2950 1749 2954; x_wconf 87' lang='grc'><strong><em>·</em></strong></span> 
     </span>
    </p>
   </div>
  </div>
 </body>
</html>
