1794 3210
95 94 200 148 326
563 98 825 144 Ems'roLAE
860 108 933 144 An
970 107 1204 145 GALATAs
1692 151 1712 159 „

167 184 318 237 Totus
345 191 391 233 et
416 186 463 233 in
483 181 811 232 manifestanda
829 185 1133 234 intentionum
1155 201 1336 235 suarum
1360 185 1689 275 rectitudine.

103 262 172 328 ss.
203 281 292 324 10,
323 279 387 309 an
411 277 563 326 quoero
589 260 855 308 hominibus
873 261 1080 326 placere.
1074 261 1098 296 Ρ

171 336 299 389 Hinc
322 335 463 386 discat
487 339 638 385 omnis
663 336 893 400 praelatuS‚
923 345 1103 403 pastor,
1149 335 1338 399 doctor,
1370 339 1668 390 concionator

104 415 420 481 evangelicus,
456 407 649 479 quilibet
686 414 838 463 salutis
874 417 1127 464 animarum
1164 417 1404 478 minister,
1445 432 1671 480 omnem,

105 497 242 545 etiarn
259 494 494 541 minimam
515 490 572 540 de
595 508 673 539 sua
693 495 979 555 auctoritate,
1001 495 1244 556 missione,
1265 492 1492 557 doctrina,
1515 497 1692 561 suspiaae¹

106 574 288 622 cionem
314 587 530 635 purgare;
557 571 650 620 imo
675 579 720 620 et
742 569 920 620 studeat
953 572 1167 637 operibus
1195 580 1244 622 et
1264 573 1419 627 verbis
1440 572 1698 623 intention*

103 669 215 703 num
244 669 424 701 suarum
445 651 765 703 rectitudinem
784 652 1026 702 declarare.

171 728 338 780 Pareat
364 731 580 779 omnibus
599 732 836 780 auctoritas
859 732 956 792 ejus
975 731 1172 796 legitima
1194 750 1205 779 ε
1228 728 1351 797 quod
1385 749 1481 781 non
1505 734 1563 782 sit
1590 734 1672 783 iu*

102 818 250 859 trusus
276 810 352 868 vi,
394 807 526 870 dolo,
568 808 812 859 hominum
849 806 1034 870 favore,
1077 811 1135 858 ab
1166 807 1480 872 hominibus,
1508 817 1556 859 et
1593 825 1679 876 pen

102 885 319 937 homines
345 884 484 933 solos.

115 953 119 956 ’
174 961 340 1013 Pateat
363 965 459 1026 ejus
485 963 642 1012 missio
677 963 735 1012 ab
769 960 1037 1013 hominibus
1070 961 1325 1027 legitimam
1365 963 1680 1013 auctoritatem
1748 997 1764 1006 -

105 1040 398 1093 habentibus.

175 1116 336 1169 Pateat
356 1118 453 1180 ejus
481 1116 703 1168 doctrinae
732 1120 930 1183 puritas,
968 1125 1013 1167 et
1050 1135 1154 1168 cum
1185 1117 1450 1184 evangelica
1473 1116 1702 1167 doctrina·

110 1199 423 1251 conformitas.

178 1275 339 1328 Pateat
361 1286 434 1339 et,
465 1280 684 1342 quantum
709 1276 773 1326 fas
809 1283 901 1338 est,
939 1278 1245 1326 intentionum
1282 1276 1397 1325 illius
1422 1275 1679 1328 rectitudoz

113 1355 236 1424 quod
254 1372 347 1404 non
370 1372 448 1402 sua
470 1362 634 1419 quaerat
650 1391 662 1414 ‚
687 1354 770 1402 sed
789 1351 880 1403 Dei
901 1352 1091 1417 gloriam
1112 1389 1124 1413 ‚
1148 1360 1194 1401 et
1213 1351 1686 1402 salutem'animar‘um.

183 1431 304 1482 Haec
329 1433 453 1480 enim
478 1434 731 1482 necessaria
747 1434 794 1482 in
812 1427 1050 1496 Evangelii
1070 1432 1307 1492 ministro,
1336 1438 1391 1480 ut
1413 1431 1462 1479 in
1480 1426 1691 1480 Ecclesia

113 1508 206 1566 Dei
240 1510 495 1562 fructificet.

766 1661 1023 1712 securint).

188 1801 243 1862 In
262 1808 356 1862 hoc
378 1809 547 1862 eodem
571 1814 717 1881 capite
741 1821 852 1863 nota
879 1812 1156 1878 stupendum
1186 1812 1535 1878 divinaegratiae
1551 1812 1688 1862 mita·

118 1890 286 1941 culum.
1198 1934 1201 1937 ,

186 1966 355 2019 Paulus
378 1969 584 2034 judaeus,
615 1969 820 2020 infensus
858 1967 1222 2021 Christianorum
1245 1936 1414 2031 hostis,
1451 1977 1513 2019 et·
1528 1967 1709 2021 surena

118 2055 409 2109 persecutor,
434 2045 590 2097 divina
611 2044 779 2096 Lhnsn
795 2046 964 2111 gratia
986 2042 1216 2112 fitquasi
1205 2063 1252 2096 m
1271 2052 1509 2095 momento
1530 2040 1695 2093 Chris·

116 2124 267 2172 tianus
290 2132 336 2172 et
362 2123 525 2173 ardens
548 2120 792 2193 Evangelii
819 2124 1100 2195 praed1cator.
1475 2139 1479 2144 ·
1663 2132 1677 2142 '

192 2196 259 2247 Ut
282 2199 374 2248 hoc
415 2199 680 2249 miraculum
723 2192 879 2248 melius
922 2216 1167 2264 agnoscas,
1212 2197 1400 2247 adverte
1434 2179 1493 2247 ex
1530 2191 1598 2256 JV.
1631 2192 1694 2245 ιδ

123 2283 168 2326 et
196 2276 282 2339 14,
309 2284 418 2342 quot
433 2278 590 2324 erant
578 2293 624 2324 ιη
650 2273 793 2325 Paulo
811 2275 1040 2325 obstacula
1066 2278 1248 2340 gratiae:
1272 2277 1366 2338 ejus
1388 2278 1434 2324 in
1466 2274 1696 2338 judaismo

120 2358 332 2405 nativitas
347 2392 360 2415 ‚
376 2372 378 2375 ’
394 2349 605 2405 educatio
622 2393 636 2418 ‚
661 2356 901 2404 continuus
923 2357 968 2404 in
989 2354 1163 2417 judaica
1190 2354 1412 2417 religione
1434 2370 1566 2419 supra
1587 2370 1697 2404 suos

125 2443 386 2484 coaetaneos
409 2450 705 2500 progressus,
737 2442 783 2484 et
814 2435 875 2483 ob
905 2432 979 2494 id,
1006 2431 1118 2482 illius
1158 2435 1276 2481 inter
1295 2430 1483 2483 Judaeos
1516 2431 1700 2481 illustris
1781 2422 1794 2485 J

122 2513 243 2564 sarna
271 2521 316 2563 et
342 2515 637 2565 existimatio.
1660 2562 1665 2574 ζ

194 2589 372 2654 Adde,
398 2593 443 2642 et
474 2593 586 2642 illius
613 2592 776 2642 ardens
798 2594 993 2657 antiquae
1015 2591 1246 2657 religionis
1267 2591 1418 2652 zelus,
1459 2582 1664 2649 odium*
1651 2603 1710 2640 ir}
1782 2595 1785 2622 ἓ

125 2685 323 2731 novam,
342 2674 447 2719 etin
469 2667 724 2720 Ecclesiam
747 2668 1038 2719 christianam
1060 2669 1209 2728 suror3
1233 2670 1432 2737 denique
1455 2667 1696 2729 declarata,-

125 2756 173 2798 εἰ
197 2749 413 2798 omnibus
437 2757 546 2798 nota
569 2751 615 2797 in
638 2747 756 2796 illam
781 2750 1053 2815 persecutio.

200 2825 359 2891 Quam
389 2835 563 2894 potens
585 2829 718 2892 igitur
756 2834 802 2876 et
841 2824 1010 2876 efficax
1046 2822 1216 2876 Christi
1250 2826 1420 2891 gratia,
1462 2840 1564 2892 quae
1600 2822 1705 2873 haeo

131 2908 284 2956 omnia
306 2906 470 2956 simul
459 2923 505 2958 m
527 2902 675 2957 Paulo
697 2907 918 2968 vincens,
949 2921 1008 2957 ex
1032 2922 1155 2956 saevo
1180 2910 1474 2973 persecutore
1492 2901 1603 2953 fecit
1624 2916 1722 2954 aro!
1788 2938 1794 2951 ἑ
