1794 3210
408 148 630 204 τωρωι(
667 145 943 182 ΕΧΡυειτιο.
979 129 1094 201 Cap,
1135 125 1236 178 Ill.
1510 121 1608 195 391

118 217 339 285 Hincque
363 221 604 270 concludes
632 220 755 286 quod
776 219 852 269 lex
878 218 1043 285 populo
1071 217 1322 267 israelitico
1347 213 1448 264 data
1479 215 1538 265 sit
1564 222 1613 264 ut

15 297 322 366 ‘ypaedagogus
341 334 355 360 ‚
381 297 497 347 inst-a
522 297 590 361 Y.
615 291 696 358 24.
724 298 796 361 qui
822 295 911 344 duo
937 297 1122 344 doceret
1144 297 1294 358 ipsum
1325 314 1336 343 :

122 381 309 445 Primo,
334 386 411 448 qui
431 383 554 433 illum
576 376 772 432 erudiret
793 384 908 430 circa
927 381 1102 429 bonum
1124 379 1408 440 faciendum,
1430 388 1474 426 et
1498 379 1618 428 circa

54 463 222 511 malum
243 461 538 525 lugiendum3
563 476 643 521 seu
669 461 744 524 qui
769 459 952 508 doceret
979 458 1086 523 quid
1107 455 1359 521 agendum,
1393 454 1499 520 quid
1518 472 1613 505 non

55 537 318 602 agendum.
1515 591 1517 594 ,

125 619 375 684 Secundo3
402 630 448 672 ut
472 623 684 673 eumdem
708 623 925 688 populum
954 623 1138 672 doceret
1162 624 1206 671 in
1231 617 1459 681 Christum
1484 622 1615 685 aspi-

56 706 185 762 cer-e,
220 703 268 751 in
295 718 385 767 quo
409 704 735 766 promissiones
765 699 972 751 Abrahae
995 699 1121 750 sactae
1152 699 1438 765 complendae
1461 704 1613 759 erant,

59 785 103 829 et
121 779 292 845 absque
307 782 430 843 cujus
450 780 589 843 gratia
610 788 653 829 et
677 780 840 829 auxilio
869 796 965 828 non
987 779 1197 828 valebant
1232 777 1382 842 legem
1406 776 1616 840 implere,

58 873 146 905 nec
169 860 194 906 a
219 865 404 923 peccato
428 857 606 906 liberari
627 895 640 921 ,
665 875 751 907 nec
768 860 982 921 justitiam
1003 854 1207 907 Abrahae
1229 858 1495 920 promissam
1516 853 1620 903 adi-

59 951 189 999 prscr.

132 1023 289 1070 Donec
320 1024 495 1071 veniret
522 1041 673 1071 semen
691 1059 708 1082 ‚
747 1023 795 1072 id
824 1032 919 1085 est,
948 1023 1063 1072 filius
1097 1020 1299 1074 Abrahae
1336 1024 1583 1089 promissus
1601 1055 1620 1082 ,

59 1118 140 1150 seu
170 1094 414 1161 Christus,
438 1103 595 1150 mundi
620 1099 835 1166 Magister
859 1111 902 1150 et
928 1099 1160 1160 Salvator,
1188 1120 1269 1165 per
1295 1119 1430 1164 quem
1455 1115 1622 1148 omnes

59 1179 268 1234 nationes
294 1178 360 1226 sic
394 1186 520 1226 erant
552 1177 813 1227 erudienda:
844 1186 888 1227 et
916 1177 1215 1240 adjuvandae,
1240 1186 1288 1227 ut
1310 1175 1622 1226 haereditatem

61 1251 265 1305 Abrahae
289 1256 558 1318 promissam
584 1263 736 1305 essent
756 1265 1043 1305 assecuturae.

138 1335 372 1383 Ordinato
392 1354 476 1399 per
498 1338 701 1398 angelos.

134 1417 372 1471 Declarato
395 1423 487 1472 fine
510 1423 620 1487 legis
645 1424 848 1491 illiusque
873 1425 1059 1474 utilitate
1078 1463 1092 1486 ,
1119 1422 1287 1475 Paulus
1313 1424 1478 1490 aliquas
1503 1440 1628 1473 enu-

66 1507 210 1549 merat
233 1498 343 1564 legis
365 1500 689 1565 singularitates
705 1538 717 1561 ‚
743 1519 822 1550 seu
846 1502 1153 1552 excellentias,

137 1579 369 1634 Existimo
389 1593 540 1635 autem
564 1586 686 1653 quod
714 1587 771 1635 ad
799 1587 1042 1651 perfectam
1067 1586 1324 1653 apostolicae
1358 1590 1526 1637 mentis
1546 1590 1631 1637 in-

66 1658 359 1724 telligentiam
407 1662 605 1713 debeant
643 1664 918 1729 subintelligi
963 1667 1276 1730 promissionis
1318 1666 1628 1726 excellentiae,

70 1736 183 1802 legis
206 1738 580 1802 singularitatibus
602 1758 682 1791 seu
726 1741 1005 1792 excellentiis
1043 1745 1262 1807 opposita}
1291 1748 1335 1790 et
1355 1744 1631 1806 superiores,

71 1822 120 1866 ut
148 1818 196 1866 in
219 1816 479 1882 paraphrasi
502 1836 731 1884 expressae
754 1828 864 1870 sunt
882 1857 896 1882 ‚
921 1828 966 1870 et
985 1828 1032 1870 ut
1053 1818 1190 1870 fusius
1212 1820 1448 1885 explicabo
1472 1813 1530 1872 JV.
1551 1839 1636 1871 20.

149 1904 383 1954 Ordt'nala
409 1925 493 1970 per
515 1909 702 1970 angelos
721 1945 733 1967 ‚
766 1909 814 1957 id
841 1917 939 1970 est,
975 1911 1251 1969 ministrata,
1283 1907 1443 1958 ordine
1473 1907 1636 1959 dietata

74 2000 156 2048 per
177 1992 356 2034 sanctos
374 1984 584 2049 angelos,
618 1983 711 2035 Dei
737 1988 920 2035 nuntios
948 1993 992 2034 et
1020 1987 1278 2044 ministros,
1311 2002 1500 2050 quorum
1521 2004 1639 2035 uuus

74 2055 166 2107 Dei
206 2076 447 2123 personam
483 2062 718 2124 gerebat‚'
744 2069 790 2109 et
825 2057 917 2111 Dei
956 2063 1141 2109 nomine
1181 2062 1531 2124 pronuntiabat,
1570 2061 1645 2110 alii

77 2140 189 2186 vero
207 2135 330 2207 hunc
352 2138 698 2186 comitabantur.
721 2134 843 2186 Vide
867 2135 1057 2187 Denter.
1082 2135 1166 2186 33.
1203 2156 1249 2185 2.
1279 2143 1324 2185 et
1348 2132 1463 2185 Aet.
1490 2154 1538 2203 7.
1559 2136 1643 2186 38.

148 2220 444 2288 Subintellige
463 2225 586 2290 quod
605 2226 971 2289 probabilissime
988 2222 1154 2274 Paulus
1172 2223 1370 2273 habebat
1391 2227 1438 2273 in
1458 2233 1614 2274 mente
1633 2243 1647 2273 ε

79 2303 322 2366 promissio
343 2314 495 2352 autem
515 2320 595 2367 per
618 2302 777 2353 Deum
805 2306 952 2368 ipsum
979 2302 1092 2351 saeta
1122 2311 1187 2352 est
1215 2299 1421 2351 Abrahae
1438 2337 1451 2364 ,
1484 2309 1530 2352 et
1558 2319 1649 2351 or·—

83 2380 259 2429 dinam.
465 2382 466 2385 ’

158 2463 268 2514 Hoc
289 2464 445 2529 legens
466 2465 655 2529 doctor,
676 2477 718 2518 et
741 2468 924 2534 quIdem
948 2467 1297 2527 eruditissimus,
1316 2466 1485 2527 objecit
1504 2465 1618 2516 mihi
1639 2485 1652 2514 t

91 2539 238 2609 Atqui
267 2561 346 2608 per
377 2544 589 2609 angelum
622 2549 863 2612 promissio
890 2545 1002 2594 sacta
1030 2554 1099 2594 est
1123 2542 1330 2593 Abralrae
1355 2561 1367 2599 ;
1401 2559 1510 2606 ergo
1532 2542 1655 2611 nulla

93 2622 346 2685 disparitas.

162 2709 248 2760 Cui
274 2711 490 2775 respondi
511 2714 656 2775 primo
671 2701 992 2775 subsumptum
1014 2708 1228 2773 negando
1245 2743 1257 2767 ‚
1284 2710 1387 2772 quia
1406 2705 1452 2755 id
1474 2723 1566 2755 non
1587 2715 1656 2758 est
1693 2763 1696 2766 ,

93 2789 140 2836 in
163 2784 404 2854 Scripturis
426 2803 708 2851 expressum;
731 2789 824 2836 imo
843 2787 1084 2836 formaliter
1104 2786 1149 2834 id
1170 2786 1420 2835 attribuimr
1437 2782 1663 2837 Domino.

95 2860 268 2914 Genes.
304 2864 363 2914 18
384 2901 398 2926 ‚
428 2862 602 2929 y‘.1'7.
626 2872 670 2913 et
696 2878 794 2924 225
818 2857 875 2916 Ῠ.
911 2864 986 2915 16.

163 2939 405 3003 Secundo,
435 2949 562 3004 esto,
592 2942 884 3007 inquiebam,
924 2941 1047 3009 quod
1071 2959 1149 3006 per
1180 2939 1386 3007 angelum
1416 2944 1659 3005 promissio
