1690 3230
378 157 382 159 ,
427 118 659 157 'rmPLEx
685 83 978 156 Exuosrrlo.
1019 100 1140 169 Cap.
1175 101 1280 155 IV.
1541 104 1608 171 73

10 166 18 190 ¹*
66 174 70 178 ι
97 194 158 251 In
173 189 266 249 hoc
293 197 392 259 eius
414 194 570 245 divina
603 194 745 243 virtus
769 194 816 241 in
841 191 976 241 nobis
997 199 1203 256 apparet,
1239 190 1365 255 quod
1383 191 1605 258 undique,

4 253 82 330 fet
111 275 263 328 modis
281 275 493 325 omnibus
527 272 691 337 pressi,
720 286 815 319 non
851 271 1182 333 opprimimur,
1212 272 1359 331 anxii,
1405 279 1451 320 et
1486 287 1604 336 per-

0 383 1 386 *
27 339 177 426 plexi,
222 372 318 405 non
352 352 654 414 destituimur,
698 343 781 399 sed
813 349 949 399 nobis
982 348 1111 399 adest
1147 347 1295 399 Deus.
1578 356 1586 363 ·

22 473 44 501 ’-
101 464 346 518 Continuis
381 464 531 529 agitati
562 462 974 528 persecutionibu8‚
1014 459 1121 514 Deo
1165 469 1453 527 protegente,
1490 480 1607 514 eva-

34 546 210 605 dimus;
243 543 470 609 prostrati,
498 557 595 590 non
626 538 889 605 frangimur.

101 679 474 734 Indesinentibus
489 682 648 747 mortis
666 678 891 744 periculis,
914 685 1108 729 mortem
1127 676 1318 729 Domini
1338 676 1496 729 Nostri
1530 676 1617 730 Je-

19 779 93 826 ,su
119 759 322 822 Christi,
359 759 554 828 quadam
581 759 899 821 similitudine,
919 761 966 808 in
995 761 1260 824 corporibus
1284 764 1450 810 nostris
1478 777 1615 812 sem-

42 857 126 909 per
165 848 210 891 et
246 841 416 907 ubique
451 840 783 906 exprimimus;

23 955 26 957 -
103 918 172 971 Ut
194 929 239 971 et
272 920 485 985 ejusdem
518 922 611 970 vita
633 918 859 1013 gloriosa'
846 935 894 966 m
927 920 1198 983 corporibus
1219 924 1385 971 nostris
1404 921 1619 988 aliquan-

37 994 100 1049 do
114 996 360 1048 reveletur.

106 1111 216 1166 Nos
239 1116 387 1176 enim,
414 1111 613 1180 quandiu
648 1114 868 1176 vivimus,
905 1116 1041 1164 morti
1063 1123 1249 1181 propter
1272 1113 1435 1166 Jesum
1461 1136 1618 1184 expo-

24 1194 225 1254 nimur,
272 1186 332 1248 sut
371 1201 418 1243 et
459 1194 552 1241 vita
583 1190 848 1240 immortalis
898 1188 1015 1240 Jesu
1056 1201 1269 1258 appareat
1299 1193 1537 1259 aliquando
1569 1198 1618 1245 in
1649 1196 1653 1204 '

37 1275 195 1319 nostra
226 1284 360 1318 carne
390 1266 581 1329 mortali,
616 1270 719 1316 cum
754 1267 1135 1317 immortalitatem
1159 1268 1374 1319 induerit.

111 1405 280 1476 Itaque
316 1427 399 1475 per
438 1405 682 1474 Evangelii
714 1410 1084 1474 praedicationem
1119 1427 1244 1460 mors
1289 1411 1534 1478 corporalis
1570 1414 1618 1463 in

41 1486 179 1535 nobis
203 1484 426 1544 efficitur3
517 1538 531 1561 ἃ
1031 1544 1034 1546 v

106 1559 206 1613 Sed
234 1580 316 1628 per
338 1572 540 1614 nostram
567 1571 765 1613 mortem
787 1565 880 1612 vita
915 1563 1152 1627 spiritualis
1177 1566 1310 1615 vobis
1335 1574 1623 1630 procuratur.

110 1673 358 1744 Caeterum,
394 1683 441 1731 in
474 1682 640 1732 mediis
668 1682 739 1731 his
773 1683 996 1732 mortibus
1035 1692 1081 1734 et
1120 1684 1357 1750 periculis,
1386 1685 1612 1737 habentes

2 1747 6 1750 ⁶
39 1756 258 1807 eumdem
278 1757 386 1807 fidei
405 1761 631 1822 spiritum,
658 1775 795 1823 quem
814 1757 972 1835 babuit
996 1756 1149 1809 David
1174 1763 1220 1810 in
1245 1764 1337 1810 suis
1369 1762 1623 1812 tribulatio*

39 1833 201 1893 nibus,
227 1833 340 1893 s‘icut
364 1834 433 1884 ide
455 1836 524 1893 leo
551 1832 767 1899 scriptum
799 1842 898 1884 est:
931 1831 1138 1901 Credidi,
1179 1837 1284 1888 ideo
1313 1838 1472 1905 loquor
1497 1860 1510 1890 ε
1550 1843 1610 1891 ita

38 1919 89 1962 et.
109 1929 194 1963 nos
211 1912 414 1977 apostoli,
434 1915 537 1978 quia
557 1916 668 1964 vere
699 1912 950 1976 creditum,
986 1914 1091 1964 ideo
1126 1925 1172 1966 et
1192 1915 1334 1966 libere
1368 1925 1414 1966 et
1444 1917 1627 1968 audac·'

38 1994 111 2039 ter
143 1989 457 2054 praedicamus.

107 2080 372 2134 Certissima
396 2083 487 2134 fide
508 2085 706 2134 scientes
737 2083 864 2150 quod
908 2081 1053 2144 Dem,
1082 2085 1158 2149 qui
1189 2081 1353 2135 Jesum
1390 2104 1472 2153 pro
1507 2106 1605 2138 no·-

37 2161 111 2214 bis
133 2164 335 2213 occisum
361 2165 593 2214 suscitavit
615 2166 642 2212 a
670 2169 847 2224 morte,
874 2180 960 2213 nos
985 2171 1175 2230 propter
1202 2158 1369 2213 Jesum
1409 2169 1604 2230 occisos,

37 2243 67 2290 a
99 2248 246 2292 morte
270 2241 530 2304 suscitabit,
550 2247 596 2290 et
623 2240 867 2291 vobiscum
902 2242 950 2289 in
978 2256 1126 2304 regno
1162 2257 1245 2288 suo
1280 2240 1535 2295 collocabit.

105 2354 226 2411 Dixi
248 2359 502 2424 vobiscum,
524 2376 612 2410 nec
633 2362 833 2410 temere:
855 2361 1008 2409 omnia
1035 2362 1159 2410 enim
1182 2368 1336 2411 nostra
1354 2365 1604 2417 ministeria

1 2434 98 2485 *ad
127 2435 328 2486 vestram
369 2436 559 2488 salutem
596 2436 896 2495 ordinantur;
927 2443 974 2486 ut
996 2439 1086 2501 quo
1123 2437 1248 2488 latius
1274 2448 1318 2490 et
1356 2440 1415 2490 ad
1452 2442 1602 2507 plures

37 2511 287 2564 effunditur
311 2517 570 2582 evangelica
597 2519 753 2582 gratia,
777 2520 835 2567 eo
857 2516 1004 2582 plures
1024 2513 1128 2567 Deo
1149 2519 1339 2569 reddant
1358 2523 1603 2586 gratiarum

35 2590 283 2653 actionem,
307 2590 394 2656 qu&
415 2592 684 2656 glorificetur
703 2590 847 2643 Deus.

105 2681 213 2736 Hac
239 2702 322 2751 spe
338 2724 352 2750 ‚
372 2684 554 2753 hocque
577 2690 732 2738 animo
755 2686 890 2750 freti,
912 2705 1009 2739 non
1033 2687 1271 2739 deficimus
1291 2693 1339 2740 in
1361 2692 1593 2754 adversim

12 2759 119 2811 'sed
142 2760 247 2812 licet
266 2779 368 2828 pars
396 2767 593 2815 exterior
617 2774 784 2826 nostra,
812 2782 915 2816 caro
941 2766 1131 2830 scilicet,
1158 2778 1487 2835 corrumpatur,
1514 2790 1598 2823 seu
1634 2787 1656 2811 ἰ

32 2847 318 2908 attenuetur,
353 2854 455 2910 pars
481 2852 636 2898 tamen
663 2848 877 2912 interior,
914 2850 1091 2898 animus
1124 2855 1307 2912 noster,
1341 2849 1393 2900 fit
1417 2852 1467 2901 in
1499 2851 1637 2903 dies

31 2925 271 2988 vegetiorz
852 2975 853 2979 ,

273 3005 354 3044 111.
442 3027 451 3033 „
555 3003 557 3007 ’
1407 2999 1442 3064 4
