<?xml version="1.0" encoding="UTF-8"?>
<!DOCTYPE html PUBLIC "-//W3C//DTD XHTML 1.0 Transitional//EN"
    "http://www.w3.org/TR/xhtml1/DTD/xhtml1-transitional.dtd">
<html xmlns="http://www.w3.org/1999/xhtml" xml:lang="en" lang="en">
 <head>
  <title>
</title>
<meta http-equiv="Content-Type" content="text/html;charset=utf-8" />
  <meta name='ocr-system' content='tesseract 3.04.00' />
  <meta name='ocr-capabilities' content='ocr_page ocr_carea ocr_par ocr_line ocrx_word'/>
</head>
<body>
  <div class='ocr_page' id='page_1' title='image "./epistolaumbpauli03picq_0479.png"; bbox 0 0 1794 3210; ppageno 0'>
   <div class='ocr_carea' id='block_1_1' title="bbox 0 93 1599 2740">
    <p class='ocr_par' dir='ltr' id='par_1_1' title="bbox 0 93 1578 252">
     <span class='ocr_line' id='line_1_1' title="bbox 361 93 1578 165; baseline -0.003 -14"><span class='ocrx_word' id='word_1_1' title='bbox 361 107 581 151; x_wconf 65' lang='lat' dir='ltr'>rmptax</span> <span class='ocrx_word' id='word_1_2' title='bbox 620 113 906 150; x_wconf 73' lang='lat' dir='ltr'>exposrrm.</span> <span class='ocrx_word' id='word_1_3' title='bbox 947 96 1064 165; x_wconf 76' lang='lat' dir='ltr'>Cap.</span> <span class='ocrx_word' id='word_1_4' title='bbox 1111 96 1204 148; x_wconf 83' lang='lat' dir='ltr'>VI.</span> <span class='ocrx_word' id='word_1_5' title='bbox 1479 93 1578 163; x_wconf 78' lang='grc'>467</span> 
     </span>
     <span class='ocr_line' id='line_1_2' title="bbox 0 181 776 252; baseline -0.001 -16"><span class='ocrx_word' id='word_1_6' title='bbox 0 213 31 245; x_wconf 51' lang='lat'>,01</span> <span class='ocrx_word' id='word_1_7' title='bbox 86 181 165 236; x_wconf 84' lang='lat' dir='ltr'>Ne</span> <span class='ocrx_word' id='word_1_8' title='bbox 182 187 487 250; x_wconf 83' lang='lat' dir='ltr'>vosmetipsos</span> <span class='ocrx_word' id='word_1_9' title='bbox 509 185 745 252; x_wconf 88' lang='lat' dir='ltr'>decipiatis</span> <span class='ocrx_word' id='word_1_10' title='bbox 765 207 776 242; x_wconf 73' lang='grc' dir='ltr'>ς</span> 
     </span>
    </p>

    <p class='ocr_par' dir='ltr' id='par_1_2' title="bbox 85 258 1531 325">
     <span class='ocr_line' id='line_1_3' title="bbox 85 258 1531 325; baseline -0.001 -14"><span class='ocrx_word' id='word_1_11' title='bbox 85 258 194 312; x_wconf 90' lang='lat' dir='ltr'>Deo</span> <span class='ocrx_word' id='word_1_12' title='bbox 211 279 302 311; x_wconf 91' lang='lat' dir='ltr'>non</span> <span class='ocrx_word' id='word_1_13' title='bbox 321 261 514 312; x_wconf 71' lang='lat' dir='ltr'>illuditur</span> <span class='ocrx_word' id='word_1_14' title='bbox 539 281 550 310; x_wconf 77' lang='grc' dir='ltr'>ε</span> <span class='ocrx_word' id='word_1_15' title='bbox 583 260 707 312; x_wconf 91' lang='lat' dir='ltr'>Deus</span> <span class='ocrx_word' id='word_1_16' title='bbox 732 263 887 311; x_wconf 85' lang='lat' dir='ltr'>omnia</span> <span class='ocrx_word' id='word_1_17' title='bbox 904 261 1063 320; x_wconf 87' lang='lat' dir='ltr'>novit,</span> <span class='ocrx_word' id='word_1_18' title='bbox 1083 276 1172 308; x_wconf 90' lang='lat' dir='ltr'>nec</span> <span class='ocrx_word' id='word_1_19' title='bbox 1195 267 1345 323; x_wconf 89' lang='lat' dir='ltr'>potest</span> <span class='ocrx_word' id='word_1_20' title='bbox 1366 258 1531 325; x_wconf 83' lang='lat' dir='ltr'><strong>decipi.</strong></span> 
     </span>
    </p>

    <p class='ocr_par' dir='ltr' id='par_1_3' title="bbox 87 337 1066 405">
     <span class='ocr_line' id='line_1_4' title="bbox 87 337 1066 405; baseline -0.004 -17"><span class='ocrx_word' id='word_1_21' title='bbox 87 337 413 405; x_wconf 82' lang='lat' dir='ltr'><strong>Unusquisque</strong></span> <span class='ocrx_word' id='word_1_22' title='bbox 432 347 574 389; x_wconf 90' lang='lat' dir='ltr'>metet</span> <span class='ocrx_word' id='word_1_23' title='bbox 599 339 723 404; x_wconf 89' lang='lat' dir='ltr'>quod</span> <span class='ocrx_word' id='word_1_24' title='bbox 742 338 1036 386; x_wconf 78' lang='lat' dir='ltr'>seminaverit</span> <span class='ocrx_word' id='word_1_25' title='bbox 1056 355 1066 383; x_wconf 93' lang='lat'><strong>:</strong></span> 
     </span>
    </p>

    <p class='ocr_par' dir='ltr' id='par_1_4' title="bbox 19 414 1586 563">
     <span class='ocr_line' id='line_1_5' title="bbox 90 414 1586 484; baseline 0.001 -18"><span class='ocrx_word' id='word_1_26' title='bbox 90 414 443 484; x_wconf 87' lang='lat' dir='ltr'>Corruptionem</span> <span class='ocrx_word' id='word_1_27' title='bbox 467 418 637 466; x_wconf 85' lang='lat' dir='ltr'>scilicet</span> <span class='ocrx_word' id='word_1_28' title='bbox 661 423 704 464; x_wconf 91' lang='lat' dir='ltr'>et</span> <span class='ocrx_word' id='word_1_29' title='bbox 730 422 952 476; x_wconf 84' lang='lat' dir='ltr'>mortem,</span> <span class='ocrx_word' id='word_1_30' title='bbox 973 417 1010 465; x_wconf 91' lang='lat' dir='ltr'>si</span> <span class='ocrx_word' id='word_1_31' title='bbox 1040 417 1088 464; x_wconf 88' lang='lat' dir='ltr'>in</span> <span class='ocrx_word' id='word_1_32' title='bbox 1114 433 1247 465; x_wconf 86' lang='lat' dir='ltr'>carne</span> <span class='ocrx_word' id='word_1_33' title='bbox 1269 418 1586 475; x_wconf 86' lang='lat' dir='ltr'>seminaverit;</span> 
     </span>
     <span class='ocr_line' id='line_1_6' title="bbox 19 488 950 563; baseline -0.004 -15"><span class='ocrx_word' id='word_1_34' title='bbox 19 488 117 562; x_wconf 83' lang='lat' dir='ltr'>ipsa</span> <span class='ocrx_word' id='word_1_35' title='bbox 137 499 306 563; x_wconf 90' lang='lat' dir='ltr'>quippe</span> <span class='ocrx_word' id='word_1_36' title='bbox 328 495 499 544; x_wconf 87' lang='lat' dir='ltr'>soenum</span> <span class='ocrx_word' id='word_1_37' title='bbox 524 503 572 544; x_wconf 87' lang='lat' dir='ltr'>et</span> <span class='ocrx_word' id='word_1_38' title='bbox 597 497 826 560; x_wconf 78' lang='lat' dir='ltr'>corruptio</span> <span class='ocrx_word' id='word_1_39' title='bbox 849 503 916 544; x_wconf 86' lang='lat' dir='ltr'>est</span> <span class='ocrx_word' id='word_1_40' title='bbox 939 515 950 544; x_wconf 94' lang='lat'><strong>:</strong></span> 
     </span>
    </p>

    <p class='ocr_par' dir='ltr' id='par_1_5' title="bbox 15 571 1585 718">
     <span class='ocr_line' id='line_1_7' title="bbox 88 571 1583 638; baseline 0.001 -13"><span class='ocrx_word' id='word_1_41' title='bbox 88 571 241 625; x_wconf 87' lang='lat' dir='ltr'>Vitam</span> <span class='ocrx_word' id='word_1_42' title='bbox 261 581 413 622; x_wconf 89' lang='lat' dir='ltr'>autern</span> <span class='ocrx_word' id='word_1_43' title='bbox 452 581 700 635; x_wconf 73' lang='lat' dir='ltr'><strong>aeternam,</strong></span> <span class='ocrx_word' id='word_1_44' title='bbox 744 576 781 621; x_wconf 90' lang='lat' dir='ltr'>si</span> <span class='ocrx_word' id='word_1_45' title='bbox 810 575 1104 623; x_wconf 80' lang='lat' dir='ltr'>seminaverit</span> <span class='ocrx_word' id='word_1_46' title='bbox 1131 576 1177 623; x_wconf 89' lang='lat' dir='ltr'>in</span> <span class='ocrx_word' id='word_1_47' title='bbox 1200 572 1367 638; x_wconf 83' lang='lat' dir='ltr'>Spiritu</span> <span class='ocrx_word' id='word_1_48' title='bbox 1385 612 1398 636; x_wconf 85' lang='grc'>,</span> <span class='ocrx_word' id='word_1_49' title='bbox 1423 583 1583 626; x_wconf 89' lang='lat' dir='ltr'>sancto</span> 
     </span>
     <span class='ocr_line' id='line_1_8' title="bbox 15 647 1585 718; baseline 0.002 -20"><span class='ocrx_word' id='word_1_50' title='bbox 15 647 216 702; x_wconf 63' lang='lat' dir='ltr'>scilicetz</span> <span class='ocrx_word' id='word_1_51' title='bbox 235 650 462 712; x_wconf 84' lang='lat' dir='ltr'>sicutipse</span> <span class='ocrx_word' id='word_1_52' title='bbox 477 656 546 698; x_wconf 90' lang='lat' dir='ltr'>est</span> <span class='ocrx_word' id='word_1_53' title='bbox 560 650 825 697; x_wconf 87' lang='lat' dir='ltr'>immortalis</span> <span class='ocrx_word' id='word_1_54' title='bbox 838 685 852 710; x_wconf 75' lang='lat'>‚</span> <span class='ocrx_word' id='word_1_55' title='bbox 871 657 914 698; x_wconf 90' lang='lat' dir='ltr'>et</span> <span class='ocrx_word' id='word_1_56' title='bbox 931 650 1585 718; x_wconf 9' lang='lat' dir='ltr'>iinmortalitatisgprincipium.</span> 
     </span>
    </p>

    <p class='ocr_par' dir='ltr' id='par_1_6' title="bbox 17 722 1587 869">
     <span class='ocr_line' id='line_1_9' title="bbox 87 722 1587 790; baseline 0 -14"><span class='ocrx_word' id='word_1_57' title='bbox 87 722 164 776; x_wconf 71' lang='lat' dir='ltr'>Ne</span> <span class='ocrx_word' id='word_1_58' title='bbox 198 741 520 789; x_wconf 87' lang='lat' dir='ltr'>segnescamus</span> <span class='ocrx_word' id='word_1_59' title='bbox 541 727 672 790; x_wconf 87' lang='lat' dir='ltr'>igitur</span> <span class='ocrx_word' id='word_1_60' title='bbox 697 728 742 774; x_wconf 93' lang='lat' dir='ltr'>in</span> <span class='ocrx_word' id='word_1_61' title='bbox 766 725 975 774; x_wconf 80' lang='lat' dir='ltr'>faciendo</span> <span class='ocrx_word' id='word_1_62' title='bbox 998 726 1154 783; x_wconf 87' lang='lat' dir='ltr'>bono;</span> <span class='ocrx_word' id='word_1_63' title='bbox 1195 743 1284 775; x_wconf 82' lang='lat' dir='ltr'>nec</span> <span class='ocrx_word' id='word_1_64' title='bbox 1306 726 1473 790; x_wconf 84' lang='lat' dir='ltr'>taedio,</span> <span class='ocrx_word' id='word_1_65' title='bbox 1499 742 1587 776; x_wconf 88' lang='lat' dir='ltr'>nec</span> 
     </span>
     <span class='ocr_line' id='line_1_10' title="bbox 17 801 1327 869; baseline -0.002 -17"><span class='ocrx_word' id='word_1_66' title='bbox 17 801 225 852; x_wconf 67' lang='lat' dir='ltr'>molestia</span> <span class='ocrx_word' id='word_1_67' title='bbox 247 805 380 863; x_wconf 86' lang='lat' dir='ltr'>victi,</span> <span class='ocrx_word' id='word_1_68' title='bbox 411 819 647 852; x_wconf 86' lang='lat' dir='ltr'>cessemus</span> <span class='ocrx_word' id='word_1_69' title='bbox 669 806 694 851; x_wconf 80' lang='lat' dir='ltr'>a</span> <span class='ocrx_word' id='word_1_70' title='bbox 717 801 1050 852; x_wconf 82' lang='lat' dir='ltr'>benefaciendo</span> <span class='ocrx_word' id='word_1_71' title='bbox 1073 804 1293 869; x_wconf 85' lang='lat' dir='ltr'>proximis</span> <span class='ocrx_word' id='word_1_72' title='bbox 1314 820 1327 850; x_wconf 70' lang='grc' dir='ltr'>ε</span> 
     </span>
    </p>

    <p class='ocr_par' dir='ltr' id='par_1_7' title="bbox 16 882 1588 1027">
     <span class='ocr_line' id='line_1_11' title="bbox 76 882 1588 949; baseline 0 -15"><span class='ocrx_word' id='word_1_73' title='bbox 76 882 325 949; x_wconf 79' lang='lat' dir='ltr'>&#39;Tempore</span> <span class='ocrx_word' id='word_1_74' title='bbox 351 886 476 933; x_wconf 79' lang='lat' dir='ltr'>enim</span> <span class='ocrx_word' id='word_1_75' title='bbox 498 901 606 945; x_wconf 85' lang='lat' dir='ltr'>suo,</span> <span class='ocrx_word' id='word_1_76' title='bbox 629 892 672 933; x_wconf 87' lang='lat' dir='ltr'>et</span> <span class='ocrx_word' id='word_1_77' title='bbox 694 888 719 933; x_wconf 76' lang='lat' dir='ltr'>a</span> <span class='ocrx_word' id='word_1_78' title='bbox 742 883 844 933; x_wconf 86' lang='lat' dir='ltr'>Deo</span> <span class='ocrx_word' id='word_1_79' title='bbox 859 884 1111 947; x_wconf 87' lang='lat' dir='ltr'>destinato,</span> <span class='ocrx_word' id='word_1_80' title='bbox 1128 892 1373 945; x_wconf 85' lang='lat' dir='ltr'>metemus,</span> <span class='ocrx_word' id='word_1_81' title='bbox 1396 886 1434 933; x_wconf 90' lang='lat' dir='ltr'>si</span> <span class='ocrx_word' id='word_1_82' title='bbox 1455 884 1588 935; x_wconf 85' lang='lat' dir='ltr'>defa-</span> 
     </span>
     <span class='ocr_line' id='line_1_12' title="bbox 16 963 627 1027; baseline 0 -15"><span class='ocrx_word' id='word_1_83' title='bbox 16 963 140 1027; x_wconf 83' lang='lat' dir='ltr'>tigati</span> <span class='ocrx_word' id='word_1_84' title='bbox 163 979 256 1012; x_wconf 84' lang='lat' dir='ltr'>non</span> <span class='ocrx_word' id='word_1_85' title='bbox 281 964 627 1012; x_wconf 85' lang='lat' dir='ltr'>cessaverimus.</span> 
     </span>
    </p>

    <p class='ocr_par' dir='ltr' id='par_1_8' title="bbox 6 1036 1592 1416">
     <span class='ocr_line' id='line_1_13' title="bbox 87 1036 1588 1105; baseline -0.001 -18"><span class='ocrx_word' id='word_1_86' title='bbox 87 1036 212 1105; x_wconf 88' lang='lat' dir='ltr'>Ergo</span> <span class='ocrx_word' id='word_1_87' title='bbox 235 1040 344 1089; x_wconf 91' lang='lat' dir='ltr'>dum</span> <span class='ocrx_word' id='word_1_88' title='bbox 379 1039 480 1089; x_wconf 89' lang='lat' dir='ltr'>haec</span> <span class='ocrx_word' id='word_1_89' title='bbox 512 1042 656 1104; x_wconf 86' lang='lat' dir='ltr'>agitur</span> <span class='ocrx_word' id='word_1_90' title='bbox 678 1040 769 1086; x_wconf 85' lang='lat' dir='ltr'>vita</span> <span class='ocrx_word' id='word_1_91' title='bbox 811 1036 1023 1103; x_wconf 86' lang='lat' dir='ltr'>(tempus</span> <span class='ocrx_word' id='word_1_92' title='bbox 1049 1037 1220 1087; x_wconf 84' lang='lat' dir='ltr'>scilicet</span> <span class='ocrx_word' id='word_1_93' title='bbox 1261 1036 1588 1100; x_wconf 82' lang='lat' dir='ltr'>seminandi),</span> 
     </span>
     <span class='ocr_line' id='line_1_14' title="bbox 16 1117 1592 1183; baseline -0.001 -14"><span class='ocrx_word' id='word_1_94' title='bbox 16 1118 356 1169; x_wconf 74' lang='lat' dir='ltr'>benefaciamus</span> <span class='ocrx_word' id='word_1_95' title='bbox 372 1121 587 1168; x_wconf 90' lang='lat' dir='ltr'>omnibus</span> <span class='ocrx_word' id='word_1_96' title='bbox 607 1117 803 1178; x_wconf 79' lang='lat' dir='ltr'>(omnes</span> <span class='ocrx_word' id='word_1_97' title='bbox 824 1121 947 1167; x_wconf 86' lang='lat' dir='ltr'>enim</span> <span class='ocrx_word' id='word_1_98' title='bbox 966 1126 1067 1166; x_wconf 89' lang='lat' dir='ltr'>sunt</span> <span class='ocrx_word' id='word_1_99' title='bbox 1087 1121 1226 1167; x_wconf 85' lang='lat' dir='ltr'>nostri</span> <span class='ocrx_word' id='word_1_100' title='bbox 1242 1117 1488 1183; x_wconf 78' lang='lat' dir='ltr'>proximi),</span> <span class='ocrx_word' id='word_1_101' title='bbox 1506 1118 1592 1170; x_wconf 84' lang='lat' dir='ltr'>sed</span> 
     </span>
     <span class='ocr_line' id='line_1_15' title="bbox 16 1193 1497 1264; baseline 0 -17"><span class='ocrx_word' id='word_1_102' title='bbox 16 1198 244 1264; x_wconf 74' lang='lat' dir='ltr'>praecipue</span> <span class='ocrx_word' id='word_1_103' title='bbox 263 1197 472 1246; x_wconf 75' lang='lat' dir='ltr'>fidelibus</span> <span class='ocrx_word' id='word_1_104' title='bbox 490 1233 503 1258; x_wconf 93' lang='lat'>,</span> <span class='ocrx_word' id='word_1_105' title='bbox 525 1197 600 1261; x_wconf 87' lang='lat' dir='ltr'>qui</span> <span class='ocrx_word' id='word_1_106' title='bbox 623 1213 704 1259; x_wconf 89' lang='lat' dir='ltr'>per</span> <span class='ocrx_word' id='word_1_107' title='bbox 727 1195 867 1244; x_wconf 85' lang='lat' dir='ltr'>fidem</span> <span class='ocrx_word' id='word_1_108' title='bbox 897 1203 1002 1245; x_wconf 89' lang='lat' dir='ltr'>sunt</span> <span class='ocrx_word' id='word_1_109' title='bbox 1026 1196 1083 1244; x_wconf 88' lang='lat' dir='ltr'>de</span> <span class='ocrx_word' id='word_1_110' title='bbox 1110 1195 1276 1246; x_wconf 82' lang='lat' dir='ltr'>familia</span> <span class='ocrx_word' id='word_1_111' title='bbox 1309 1193 1497 1247; x_wconf 77' lang='lat' dir='ltr'>Christi.</span> 
     </span>
     <span class='ocr_line' id='line_1_16' title="bbox 89 1267 1591 1339; baseline -0.001 -14.052"><span class='ocrx_word' id='word_1_112' title='bbox 89 1267 259 1335; x_wconf 62' lang='lat' dir='ltr'>Videte,</span> <span class='ocrx_word' id='word_1_113' title='bbox 281 1277 458 1339; x_wconf 89' lang='lat' dir='ltr'>quantis</span> <span class='ocrx_word' id='word_1_114' title='bbox 482 1282 524 1324; x_wconf 88' lang='lat' dir='ltr'>et</span> <span class='ocrx_word' id='word_1_115' title='bbox 553 1278 688 1339; x_wconf 78' lang='lat' dir='ltr'>quam</span> <span class='ocrx_word' id='word_1_116' title='bbox 722 1273 908 1335; x_wconf 84' lang='lat' dir='ltr'>prolixis</span> <span class='ocrx_word' id='word_1_117' title='bbox 945 1273 1104 1323; x_wconf 88' lang='lat' dir='ltr'>litteris</span> <span class='ocrx_word' id='word_1_118' title='bbox 1129 1276 1286 1339; x_wconf 87' lang='lat' dir='ltr'>scripsi</span> <span class='ocrx_word' id='word_1_119' title='bbox 1307 1275 1473 1335; x_wconf 80' lang='lat' dir='ltr'>vobis,</span> <span class='ocrx_word' id='word_1_120' title='bbox 1497 1290 1591 1324; x_wconf 84' lang='lat' dir='ltr'>non</span> 
     </span>
     <span class='ocr_line' id='line_1_17' title="bbox 18 1350 984 1416; baseline -0.002 -14"><span class='ocrx_word' id='word_1_121' title='bbox 18 1351 197 1403; x_wconf 84' lang='lat' dir='ltr'>alterius</span> <span class='ocrx_word' id='word_1_122' title='bbox 221 1369 355 1400; x_wconf 89' lang='lat' dir='ltr'>manu</span> <span class='ocrx_word' id='word_1_123' title='bbox 376 1388 389 1412; x_wconf 90' lang='lat'>‚</span> <span class='ocrx_word' id='word_1_124' title='bbox 414 1360 462 1401; x_wconf 89' lang='lat' dir='ltr'>ut</span> <span class='ocrx_word' id='word_1_125' title='bbox 483 1350 610 1400; x_wconf 88' lang='lat' dir='ltr'>soleo</span> <span class='ocrx_word' id='word_1_126' title='bbox 629 1388 642 1413; x_wconf 87' lang='lat'>‚</span> <span class='ocrx_word' id='word_1_127' title='bbox 670 1350 752 1398; x_wconf 86' lang='lat' dir='ltr'>sed</span> <span class='ocrx_word' id='word_1_128' title='bbox 780 1350 984 1416; x_wconf 64' lang='lat' dir='ltr'>propria.</span> 
     </span>
    </p>

    <p class='ocr_par' dir='ltr' id='par_1_9' title="bbox 17 1422 1593 1647">
     <span class='ocr_line' id='line_1_18' title="bbox 89 1422 1588 1493; baseline 0.001 -15"><span class='ocrx_word' id='word_1_129' title='bbox 89 1427 183 1491; x_wconf 87' lang='lat' dir='ltr'>Qui</span> <span class='ocrx_word' id='word_1_130' title='bbox 213 1431 336 1479; x_wconf 82' lang='lat' dir='ltr'>enirn</span> <span class='ocrx_word' id='word_1_131' title='bbox 361 1422 406 1478; x_wconf 87' lang='lat' dir='ltr'>in</span> <span class='ocrx_word' id='word_1_132' title='bbox 433 1429 757 1477; x_wconf 88' lang='lat' dir='ltr'>observatione</span> <span class='ocrx_word' id='word_1_133' title='bbox 783 1428 1026 1477; x_wconf 86' lang='lat' dir='ltr'>carnalium</span> <span class='ocrx_word' id='word_1_134' title='bbox 1053 1427 1162 1493; x_wconf 85' lang='lat' dir='ltr'>legis</span> <span class='ocrx_word' id='word_1_135' title='bbox 1183 1429 1559 1479; x_wconf 86' lang='lat' dir='ltr'>caeremoniarum</span> <span class='ocrx_word' id='word_1_136' title='bbox 1576 1467 1588 1490; x_wconf 89' lang='lat'>,</span> 
     </span>
     <span class='ocr_line' id='line_1_19' title="bbox 17 1505 1593 1572; baseline -0.002 -13"><span class='ocrx_word' id='word_1_137' title='bbox 17 1505 192 1559; x_wconf 78' lang='lat' dir='ltr'>Judaeis</span> <span class='ocrx_word' id='word_1_138' title='bbox 208 1545 220 1569; x_wconf 82' lang='grc'><em>,</em></span> <span class='ocrx_word' id='word_1_139' title='bbox 241 1509 287 1555; x_wconf 90' lang='lat' dir='ltr'>in</span> <span class='ocrx_word' id='word_1_140' title='bbox 307 1508 511 1572; x_wconf 83' lang='lat' dir='ltr'>speciem</span> <span class='ocrx_word' id='word_1_141' title='bbox 538 1514 775 1555; x_wconf 79' lang='lat' dir='ltr'>externam</span> <span class='ocrx_word' id='word_1_142' title='bbox 796 1544 809 1569; x_wconf 95' lang='lat'><strong>‚</strong></span> <span class='ocrx_word' id='word_1_143' title='bbox 839 1506 1020 1572; x_wconf 88' lang='lat' dir='ltr'>placere</span> <span class='ocrx_word' id='word_1_144' title='bbox 1041 1506 1225 1568; x_wconf 81' lang='lat' dir='ltr'>volunt,</span> <span class='ocrx_word' id='word_1_145' title='bbox 1251 1505 1299 1554; x_wconf 84' lang='lat' dir='ltr'>hi</span> <span class='ocrx_word' id='word_1_146' title='bbox 1323 1514 1488 1571; x_wconf 88' lang='lat' dir='ltr'>cogunt</span> <span class='ocrx_word' id='word_1_147' title='bbox 1508 1523 1593 1558; x_wconf 89' lang='lat' dir='ltr'>vos</span> 
     </span>
     <span class='ocr_line' id='line_1_20' title="bbox 21 1586 323 1647; baseline -0.013 -8"><span class='ocrx_word' id='word_1_148' title='bbox 21 1586 288 1639; x_wconf 89' lang='lat' dir='ltr'>circumcidi</span> <span class='ocrx_word' id='word_1_149' title='bbox 309 1623 323 1647; x_wconf 84' lang='lat'>‚</span> 
     </span>
    </p>

    <p class='ocr_par' dir='ltr' id='par_1_10' title="bbox 22 1663 1595 1890">
     <span class='ocr_line' id='line_1_21' title="bbox 87 1663 1595 1729; baseline 0.001 -14"><span class='ocrx_word' id='word_1_150' title='bbox 87 1663 202 1715; x_wconf 88' lang='lat' dir='ltr'>Non</span> <span class='ocrx_word' id='word_1_151' title='bbox 227 1664 339 1729; x_wconf 76' lang='lat' dir='ltr'>legis</span> <span class='ocrx_word' id='word_1_152' title='bbox 366 1663 651 1727; x_wconf 85' lang='lat' dir='ltr'>complendae</span> <span class='ocrx_word' id='word_1_153' title='bbox 675 1663 854 1722; x_wconf 82' lang='lat' dir='ltr'>studi03</span> <span class='ocrx_word' id='word_1_154' title='bbox 882 1663 965 1714; x_wconf 85' lang='lat' dir='ltr'>sed</span> <span class='ocrx_word' id='word_1_155' title='bbox 993 1681 1052 1713; x_wconf 85' lang='lat' dir='ltr'>ne</span> <span class='ocrx_word' id='word_1_156' title='bbox 1071 1665 1470 1715; x_wconf 78' lang='lat' dir='ltr'>circumcisionem</span> <span class='ocrx_word' id='word_1_157' title='bbox 1500 1665 1595 1716; x_wconf 82' lang='lat' dir='ltr'>de-</span> 
     </span>
     <span class='ocr_line' id='line_1_22' title="bbox 22 1737 1595 1810; baseline 0.001 -15"><span class='ocrx_word' id='word_1_158' title='bbox 22 1745 265 1807; x_wconf 88' lang='lat' dir='ltr'>struendo,</span> <span class='ocrx_word' id='word_1_159' title='bbox 287 1748 312 1793; x_wconf 78' lang='lat' dir='ltr'>a</span> <span class='ocrx_word' id='word_1_160' title='bbox 341 1741 510 1793; x_wconf 84' lang='lat' dir='ltr'>Judaeis</span> <span class='ocrx_word' id='word_1_161' title='bbox 547 1743 874 1792; x_wconf 88' lang='lat' dir='ltr'>contribulibus</span> <span class='ocrx_word' id='word_1_162' title='bbox 906 1737 999 1792; x_wconf 89' lang='lat' dir='ltr'>suis</span> <span class='ocrx_word' id='word_1_163' title='bbox 1042 1745 1381 1808; x_wconf 81' lang='lat' dir='ltr'>persecutiones</span> <span class='ocrx_word' id='word_1_164' title='bbox 1411 1747 1595 1810; x_wconf 85' lang='lat' dir='ltr'>patian-</span> 
     </span>
     <span class='ocr_line' id='line_1_23' title="bbox 22 1819 1374 1890; baseline -0.002 -15"><span class='ocrx_word' id='word_1_165' title='bbox 22 1831 95 1875; x_wconf 75' lang='lat' dir='ltr'>tur</span> <span class='ocrx_word' id='word_1_166' title='bbox 111 1860 123 1881; x_wconf 83' lang='grc'>,</span> <span class='ocrx_word' id='word_1_167' title='bbox 153 1842 262 1890; x_wconf 87' lang='lat' dir='ltr'>quas</span> <span class='ocrx_word' id='word_1_168' title='bbox 282 1824 339 1873; x_wconf 89' lang='lat' dir='ltr'>ab</span> <span class='ocrx_word' id='word_1_169' title='bbox 364 1825 472 1887; x_wconf 90' lang='lat' dir='ltr'>ipsis</span> <span class='ocrx_word' id='word_1_170' title='bbox 496 1824 583 1888; x_wconf 87' lang='lat' dir='ltr'>pati</span> <span class='ocrx_word' id='word_1_171' title='bbox 600 1822 746 1871; x_wconf 88' lang='lat' dir='ltr'>solent</span> <span class='ocrx_word' id='word_1_172' title='bbox 764 1825 908 1871; x_wconf 87' lang='lat' dir='ltr'>crucis</span> <span class='ocrx_word' id='word_1_173' title='bbox 930 1819 1095 1872; x_wconf 78' lang='lat' dir='ltr'>Christi</span> <span class='ocrx_word' id='word_1_174' title='bbox 1121 1839 1374 1888; x_wconf 78' lang='lat' dir='ltr'>praecones,</span> 
     </span>
    </p>

    <p class='ocr_par' dir='ltr' id='par_1_11' title="bbox 22 1902 1598 2198">
     <span class='ocr_line' id='line_1_24' title="bbox 91 1902 1596 1969; baseline -0.001 -14"><span class='ocrx_word' id='word_1_175' title='bbox 91 1902 215 1955; x_wconf 91' lang='lat' dir='ltr'>Nam</span> <span class='ocrx_word' id='word_1_176' title='bbox 232 1943 244 1964; x_wconf 81' lang='grc'><em>,</em></span> <span class='ocrx_word' id='word_1_177' title='bbox 270 1922 358 1954; x_wconf 89' lang='lat' dir='ltr'>nec</span> <span class='ocrx_word' id='word_1_178' title='bbox 391 1905 473 1969; x_wconf 90' lang='lat' dir='ltr'>ipsi</span> <span class='ocrx_word' id='word_1_179' title='bbox 497 1905 838 1967; x_wconf 82' lang='lat' dir='ltr'>quicircumcisi</span> <span class='ocrx_word' id='word_1_180' title='bbox 858 1912 962 1953; x_wconf 88' lang='lat' dir='ltr'>sunt</span> <span class='ocrx_word' id='word_1_181' title='bbox 978 1912 1021 1953; x_wconf 87' lang='lat' dir='ltr'>et</span> <span class='ocrx_word' id='word_1_182' title='bbox 1047 1905 1440 1954; x_wconf 82' lang='lat' dir='ltr'>circumcisionem</span> <span class='ocrx_word' id='word_1_183' title='bbox 1461 1905 1596 1955; x_wconf 86' lang='lat' dir='ltr'>vobis</span> 
     </span>
     <span class='ocr_line' id='line_1_25' title="bbox 25 1974 1589 2047; baseline -0.002 -16"><span class='ocrx_word' id='word_1_184' title='bbox 25 1981 299 2047; x_wconf 77' lang='lat' dir='ltr'>praedicant,</span> <span class='ocrx_word' id='word_1_185' title='bbox 327 1981 474 2044; x_wconf 71' lang='lat' dir='ltr'>legem</span> <span class='ocrx_word' id='word_1_186' title='bbox 498 1981 771 2037; x_wconf 78' lang='lat' dir='ltr'>observant3</span> <span class='ocrx_word' id='word_1_187' title='bbox 1586 1974 1589 1976; x_wconf 49' lang='grc'><strong><em>’</em></strong></span> 
     </span>
     <span class='ocr_line' id='line_1_26' title="bbox 22 2052 1598 2119; baseline 0.001 -14"><span class='ocrx_word' id='word_1_188' title='bbox 22 2066 26 2070; x_wconf 84' lang='grc'><em>“</em></span> <span class='ocrx_word' id='word_1_189' title='bbox 91 2052 187 2106; x_wconf 89' lang='lat' dir='ltr'>Sed</span> <span class='ocrx_word' id='word_1_190' title='bbox 207 2055 365 2104; x_wconf 85' lang='lat' dir='ltr'>volunt</span> <span class='ocrx_word' id='word_1_191' title='bbox 387 2073 470 2103; x_wconf 76' lang='lat' dir='ltr'>vos</span> <span class='ocrx_word' id='word_1_192' title='bbox 495 2055 786 2115; x_wconf 85' lang='lat' dir='ltr'>circumcidi,</span> <span class='ocrx_word' id='word_1_193' title='bbox 827 2061 875 2103; x_wconf 89' lang='lat' dir='ltr'>ut</span> <span class='ocrx_word' id='word_1_194' title='bbox 899 2054 1018 2119; x_wconf 87' lang='lat' dir='ltr'>apud</span> <span class='ocrx_word' id='word_1_195' title='bbox 1049 2052 1245 2104; x_wconf 83' lang='lat' dir='ltr'>Judaeos</span> <span class='ocrx_word' id='word_1_196' title='bbox 1271 2055 1516 2119; x_wconf 83' lang='lat' dir='ltr'>glorientur</span> <span class='ocrx_word' id='word_1_197' title='bbox 1539 2055 1598 2106; x_wconf 88' lang='lat' dir='ltr'>de</span> 
     </span>
     <span class='ocr_line' id='line_1_27' title="bbox 26 2134 1548 2198; baseline -0.001 -13"><span class='ocrx_word' id='word_1_198' title='bbox 26 2137 369 2187; x_wconf 82' lang='lat' dir='ltr'>circumcisione</span> <span class='ocrx_word' id='word_1_199' title='bbox 387 2134 562 2194; x_wconf 68' lang='lat' dir='ltr'>vestra,</span> <span class='ocrx_word' id='word_1_200' title='bbox 592 2137 718 2198; x_wconf 85' lang='lat' dir='ltr'>quasi</span> <span class='ocrx_word' id='word_1_201' title='bbox 744 2151 829 2183; x_wconf 90' lang='lat' dir='ltr'>vos</span> <span class='ocrx_word' id='word_1_202' title='bbox 850 2135 906 2183; x_wconf 89' lang='lat' dir='ltr'>ad</span> <span class='ocrx_word' id='word_1_203' title='bbox 930 2134 1201 2197; x_wconf 82' lang='lat' dir='ltr'>judaismum</span> <span class='ocrx_word' id='word_1_204' title='bbox 1221 2137 1548 2185; x_wconf 85' lang='lat' dir='ltr'>converterint.</span> 
     </span>
    </p>

    <p class='ocr_par' dir='ltr' id='par_1_12' title="bbox 25 2208 1599 2740">
     <span class='ocr_line' id='line_1_28' title="bbox 94 2208 1597 2277; baseline 0.002 -17"><span class='ocrx_word' id='word_1_205' title='bbox 94 2208 138 2261; x_wconf 93' lang='lat' dir='ltr'><strong>E</strong></span> <span class='ocrx_word' id='word_1_206' title='bbox 164 2216 414 2274; x_wconf 76' lang='lat' dir='ltr'>contrario,</span> <span class='ocrx_word' id='word_1_207' title='bbox 441 2214 559 2262; x_wconf 90' lang='lat' dir='ltr'>absit</span> <span class='ocrx_word' id='word_1_208' title='bbox 583 2213 694 2262; x_wconf 89' lang='lat' dir='ltr'>mihi</span> <span class='ocrx_word' id='word_1_209' title='bbox 723 2221 770 2261; x_wconf 92' lang='lat' dir='ltr'>ut</span> <span class='ocrx_word' id='word_1_210' title='bbox 794 2215 841 2261; x_wconf 89' lang='lat' dir='ltr'>in</span> <span class='ocrx_word' id='word_1_211' title='bbox 868 2213 948 2261; x_wconf 88' lang='lat' dir='ltr'>alia</span> <span class='ocrx_word' id='word_1_212' title='bbox 978 2231 1027 2262; x_wconf 88' lang='lat' dir='ltr'>re</span> <span class='ocrx_word' id='word_1_213' title='bbox 1048 2212 1234 2277; x_wconf 79' lang='lat' dir='ltr'>glorier,</span> <span class='ocrx_word' id='word_1_214' title='bbox 1258 2222 1332 2263; x_wconf 88' lang='lat' dir='ltr'>aut</span> <span class='ocrx_word' id='word_1_215' title='bbox 1353 2213 1597 2277; x_wconf 77' lang='lat' dir='ltr'>gaudeam,</span> 
     </span>
     <span class='ocr_line' id='line_1_29' title="bbox 29 2287 1596 2356; baseline 0.001 -16"><span class='ocrx_word' id='word_1_216' title='bbox 29 2292 163 2356; x_wconf 73' lang='lat' dir='ltr'>quam</span> <span class='ocrx_word' id='word_1_217' title='bbox 192 2291 237 2338; x_wconf 91' lang='lat' dir='ltr'>in</span> <span class='ocrx_word' id='word_1_218' title='bbox 272 2306 402 2339; x_wconf 85' lang='lat' dir='ltr'>cruce</span> <span class='ocrx_word' id='word_1_219' title='bbox 437 2299 482 2347; x_wconf 85' lang='lat' dir='ltr'>et</span> <span class='ocrx_word' id='word_1_220' title='bbox 509 2293 717 2355; x_wconf 86' lang='lat' dir='ltr'>passione</span> <span class='ocrx_word' id='word_1_221' title='bbox 741 2287 933 2340; x_wconf 89' lang='lat' dir='ltr'>Domini</span> <span class='ocrx_word' id='word_1_222' title='bbox 968 2294 1110 2340; x_wconf 81' lang='lat' dir='ltr'>nostri</span> <span class='ocrx_word' id='word_1_223' title='bbox 1145 2289 1258 2341; x_wconf 87' lang='lat' dir='ltr'>Jesu</span> <span class='ocrx_word' id='word_1_224' title='bbox 1296 2287 1472 2341; x_wconf 77' lang='lat' dir='ltr'>Christi</span> <span class='ocrx_word' id='word_1_225' title='bbox 1491 2308 1596 2341; x_wconf 84' lang='lat' dir='ltr'>cre-</span> 
     </span>
     <span class='ocr_line' id='line_1_30' title="bbox 29 2369 879 2435; baseline -0.001 -15"><span class='ocrx_word' id='word_1_226' title='bbox 29 2369 206 2427; x_wconf 79' lang='lat' dir='ltr'>denda,</span> <span class='ocrx_word' id='word_1_227' title='bbox 234 2370 520 2435; x_wconf 82' lang='lat' dir='ltr'>praedicanda</span> <span class='ocrx_word' id='word_1_228' title='bbox 539 2407 553 2430; x_wconf 83' lang='lat'>‚</span> <span class='ocrx_word' id='word_1_229' title='bbox 579 2370 846 2435; x_wconf 85' lang='lat' dir='ltr'>perferenda</span> <span class='ocrx_word' id='word_1_230' title='bbox 866 2407 879 2431; x_wconf 93' lang='lat'>‚</span> 
     </span>
     <span class='ocr_line' id='line_1_31' title="bbox 25 2442 1598 2510; baseline 0 -16"><span class='ocrx_word' id='word_1_231' title='bbox 25 2463 34 2470; x_wconf 48' lang='lat'>⁸</span> <span class='ocrx_word' id='word_1_232' title='bbox 95 2442 193 2495; x_wconf 86' lang='lat' dir='ltr'>Per</span> <span class='ocrx_word' id='word_1_233' title='bbox 209 2464 364 2510; x_wconf 84' lang='lat' dir='ltr'>quem,</span> <span class='ocrx_word' id='word_1_234' title='bbox 383 2455 426 2494; x_wconf 88' lang='lat' dir='ltr'>et</span> <span class='ocrx_word' id='word_1_235' title='bbox 445 2453 629 2510; x_wconf 87' lang='lat' dir='ltr'>propter</span> <span class='ocrx_word' id='word_1_236' title='bbox 648 2463 784 2510; x_wconf 85' lang='lat' dir='ltr'>quem</span> <span class='ocrx_word' id='word_1_237' title='bbox 804 2443 964 2494; x_wconf 80' lang='lat' dir='ltr'>Jesum</span> <span class='ocrx_word' id='word_1_238' title='bbox 989 2442 1219 2496; x_wconf 80' lang='lat' dir='ltr'>Christum</span> <span class='ocrx_word' id='word_1_239' title='bbox 1239 2486 1252 2510; x_wconf 91' lang='lat'>‚</span> <span class='ocrx_word' id='word_1_240' title='bbox 1274 2447 1471 2496; x_wconf 88' lang='lat' dir='ltr'>mundus</span> <span class='ocrx_word' id='word_1_241' title='bbox 1486 2445 1598 2495; x_wconf 83' lang='lat' dir='ltr'>mihi</span> 
     </span>
     <span class='ocr_line' id='line_1_32' title="bbox 29 2517 1599 2591; baseline 0.001 -17"><span class='ocrx_word' id='word_1_242' title='bbox 29 2527 156 2589; x_wconf 74' lang='lat' dir='ltr'>quasi</span> <span class='ocrx_word' id='word_1_243' title='bbox 182 2517 424 2576; x_wconf 84' lang='lat' dir='ltr'>crucifixus</span> <span class='ocrx_word' id='word_1_244' title='bbox 447 2535 515 2575; x_wconf 87' lang='lat' dir='ltr'>est</span> <span class='ocrx_word' id='word_1_245' title='bbox 531 2563 544 2585; x_wconf 78' lang='lat'>,</span> <span class='ocrx_word' id='word_1_246' title='bbox 575 2528 723 2591; x_wconf 91' lang='lat' dir='ltr'>ipsum</span> <span class='ocrx_word' id='word_1_247' title='bbox 744 2526 985 2575; x_wconf 88' lang='lat' dir='ltr'>abominor</span> <span class='ocrx_word' id='word_1_248' title='bbox 1008 2533 1219 2590; x_wconf 88' lang='lat' dir='ltr'>tanquam</span> <span class='ocrx_word' id='word_1_249' title='bbox 1246 2527 1448 2576; x_wconf 81' lang='lat' dir='ltr'>crucifixi</span> <span class='ocrx_word' id='word_1_250' title='bbox 1472 2526 1599 2576; x_wconf 85' lang='lat' dir='ltr'>cada·</span> 
     </span>
     <span class='ocr_line' id='line_1_33' title="bbox 30 2592 1598 2666; baseline 0.002 -18"><span class='ocrx_word' id='word_1_251' title='bbox 30 2616 144 2657; x_wconf 69' lang='lat' dir='ltr'>verz</span> <span class='ocrx_word' id='word_1_252' title='bbox 186 2609 232 2650; x_wconf 87' lang='lat' dir='ltr'>et</span> <span class='ocrx_word' id='word_1_253' title='bbox 262 2619 348 2666; x_wconf 87' lang='lat' dir='ltr'>ego</span> <span class='ocrx_word' id='word_1_254' title='bbox 374 2603 575 2650; x_wconf 85' lang='lat' dir='ltr'>vicissim</span> <span class='ocrx_word' id='word_1_255' title='bbox 615 2592 713 2649; x_wconf 67' lang='lat' dir='ltr'>su&#39;m</span> <span class='ocrx_word' id='word_1_256' title='bbox 741 2599 913 2649; x_wconf 85' lang='lat' dir='ltr'>mundo</span> <span class='ocrx_word' id='word_1_257' title='bbox 950 2607 1161 2665; x_wconf 81' lang='lat' dir='ltr'>tanquam</span> <span class='ocrx_word' id='word_1_258' title='bbox 1205 2602 1478 2664; x_wconf 67' lang='lat' dir='ltr'>crucifixm,</span> <span class='ocrx_word' id='word_1_259' title='bbox 1522 2618 1598 2651; x_wconf 85' lang='lat' dir='ltr'>me</span> 
     </span>
     <span class='ocr_line' id='line_1_34' title="bbox 29 2674 1229 2740; baseline 0.003 -17"><span class='ocrx_word' id='word_1_260' title='bbox 29 2674 317 2724; x_wconf 78' lang='lat' dir='ltr'>abominatur</span> <span class='ocrx_word' id='word_1_261' title='bbox 338 2684 380 2725; x_wconf 89' lang='lat' dir='ltr'>et</span> <span class='ocrx_word' id='word_1_262' title='bbox 404 2675 556 2725; x_wconf 85' lang='lat' dir='ltr'>horret</span> <span class='ocrx_word' id='word_1_263' title='bbox 580 2675 776 2724; x_wconf 89' lang='lat' dir='ltr'>mundus</span> <span class='ocrx_word' id='word_1_264' title='bbox 797 2677 921 2740; x_wconf 85' lang='lat' dir='ltr'>quasi</span> <span class='ocrx_word' id='word_1_265' title='bbox 946 2678 1229 2727; x_wconf 78' lang='lat' dir='ltr'>cruciarium.</span> 
     </span>
    </p>
   </div>
   <div class='ocr_carea' id='block_1_2' title="bbox 27 2747 1600 2974">
    <p class='ocr_par' dir='ltr' id='par_1_13' title="bbox 27 2747 1600 2974">
     <span class='ocr_line' id='line_1_35' title="bbox 100 2747 1600 2820; baseline 0.003 -21"><span class='ocrx_word' id='word_1_266' title='bbox 100 2747 156 2800; x_wconf 89' lang='lat' dir='ltr'>In</span> <span class='ocrx_word' id='word_1_267' title='bbox 179 2750 416 2802; x_wconf 88' lang='lat' dir='ltr'>christiana</span> <span class='ocrx_word' id='word_1_268' title='bbox 438 2756 561 2803; x_wconf 89' lang='lat' dir='ltr'>enim</span> <span class='ocrx_word' id='word_1_269' title='bbox 598 2753 818 2818; x_wconf 83' lang='lat' dir='ltr'>religione</span> <span class='ocrx_word' id='word_1_270' title='bbox 853 2761 956 2802; x_wconf 85' lang='lat' dir='ltr'>ante</span> <span class='ocrx_word' id='word_1_271' title='bbox 981 2748 1135 2803; x_wconf 87' lang='lat' dir='ltr'>Deum</span> <span class='ocrx_word' id='word_1_272' title='bbox 1169 2771 1261 2803; x_wconf 88' lang='lat' dir='ltr'>non</span> <span class='ocrx_word' id='word_1_273' title='bbox 1288 2752 1475 2820; x_wconf 87' lang='lat' dir='ltr'>prodest</span> <span class='ocrx_word' id='word_1_274' title='bbox 1503 2754 1600 2804; x_wconf 89' lang='lat' dir='ltr'>cir-</span> 
     </span>
     <span class='ocr_line' id='line_1_36' title="bbox 27 2831 750 2891; baseline 0.003 -14"><span class='ocrx_word' id='word_1_275' title='bbox 27 2831 248 2878; x_wconf 79' lang='lat' dir='ltr'>cumcisio</span> <span class='ocrx_word' id='word_1_276' title='bbox 265 2869 277 2891; x_wconf 91' lang='lat'>,</span> <span class='ocrx_word' id='word_1_277' title='bbox 299 2841 374 2881; x_wconf 89' lang='lat' dir='ltr'>aut</span> <span class='ocrx_word' id='word_1_278' title='bbox 388 2833 721 2881; x_wconf 86' lang='lat' dir='ltr'>incircumcisio</span> <span class='ocrx_word' id='word_1_279' title='bbox 738 2849 750 2890; x_wconf 89' lang='lat'>;</span> 
     </span>
     <span class='ocr_line' id='line_1_37' title="bbox 101 2900 981 2974; baseline 0.002 -21"><span class='ocrx_word' id='word_1_280' title='bbox 101 2900 195 2954; x_wconf 91' lang='lat' dir='ltr'>Sed</span> <span class='ocrx_word' id='word_1_281' title='bbox 219 2900 494 2974; x_wconf 57' lang='lat' dir='ltr'>animae&#39;per</span> <span class='ocrx_word' id='word_1_282' title='bbox 517 2910 705 2972; x_wconf 83' lang='lat' dir='ltr'>gratiam</span> <span class='ocrx_word' id='word_1_283' title='bbox 728 2907 981 2957; x_wconf 89' lang='lat' dir='ltr'>renovatio.</span> 
     </span>
    </p>
   </div>
  </div>
 </body>
</html>
