1794 3210
382 98 603 136 ‘rmpmx
639 101 916 139 Exposrno.
957 87 1077 157 Cap.
1120 81 1230 143 VJ'
1497 93 1604 165 479

26 238 40 245 ἢ
104 167 229 221 Haec
253 171 392 222 verba
419 171 490 221 alii
512 172 638 223 aliter
659 175 915 241 explicant,
957 187 1006 227 ut
1031 178 1177 228 videri
1207 187 1359 245 potest
1380 181 1532 246 apud
1519 200 1602 233 ln-

11 241 274 312 jierprcteS.

103 323 197 375 Sed
234 342 392 374 sensus
426 328 472 375 in
505 326 760 393 paraphrasi
791 331 1038 394 explicatus
1069 331 1181 381 mihi
1218 327 1398 385 videtur
1437 353 1599 398 verus,

35 407 139 472 quia
165 404 359 468 simplex
394 413 439 456 et
471 407 706 467 naturalis,
739 416 782 457 et
821 411 1152 475 correspondet
1186 418 1336 462 versui
1373 415 1449 476 14.
1483 416 1606 464 mihi

34 489 191 528 autem
215 481 388 530 absit..-

102 553 329 624 Praeterea
353 554 629 616 judaizantes
659 557 925 622 confundit,
958 563 1032 629 qui
1058 559 1172 609 nihil
1203 560 1288 610 tale
1323 562 1442 628 passi
1469 569 1596 620 sunt5

34 637 127 684 imo
151 636 224 699 qui
245 671 256 694 ‚
280 641 327 681 ut
349 633 461 681 nihil
486 634 572 684 tale
594 653 676 700 pro
697 633 878 686 Christo
902 647 1185 702 paterentur,
1209 642 1602 690 circumcisionem

32 712 375 776 praedicabant,
403 721 447 762 ut
476 707 532 767 fi,
573 733 649 764 12.
676 714 760 763 illis
786 717 1108 780 exprobratum
1130 725 1216 766 est.

104 787 170 839 Ut
193 789 351 839 clarius
383 799 593 855 appareat
621 793 701 840 tibi
730 791 861 841 mens
895 790 1047 855 I'auli,
1085 802 1130 843 et
1161 793 1324 842 horum
1354 795 1602 844 verborum

33 884 219 918 sensum
245 867 407 916 melius
432 867 678 933 intelligas,

102 944 334 996 Dominus
362 955 519 996 noster
544 941 683 996 Jesus
715 945 920 998 Christus
953 951 998 997 in
1033 952 1242 1014 passione
1272 946 1351 997 suri
1380 946 1462 999 suit
1496 949 1600 999 uni'·

6 1024 266 1087 =versaliter
288 1032 334 1074 et
365 1027 411 1074 in
435 1027 648 1075 omnibus
676 1029 875 1091 corporis
901 1029 1098 1091 partibus
1126 1029 1249 1093 quasi
1278 1029 1596 1090 circumcisus;

37 1102 240 1169 undique
262 1120 391 1152 suurn
419 1106 664 1169 pretiosum
691 1107 956 1168 sanguinem
981 1105 1093 1155 fudit
1118 1100 1133 1154 :x

105 1187 150 1235 A
181 1183 347 1249 planisi
370 1186 500 1249 pedis
523 1204 662 1251 usqne
684 1187 751 1234 od
781 1189 996 1235 ver-licem
1025 1208 1114 1236 mm
1135 1185 1231 1245 fuit
1256 1189 1303 1235 in
1329 1206 1379 1235 eo
1405 1188 1601 1237 sanitas.

32 1258 130 1330 Per
152 1264 304 1326 spinas
319 1299 334 1323 ‚
357 1279 439 1327 per
463 1261 643 1325 clavos,
675 1280 753 1327 per
775 1263 947 1329 flagella
964 1303 976 1327 ,
1002 1282 1083 1330 per
1103 1265 1332 1325 lanceam,
1361 1265 1485 1331 quasi
1507 1265 1601 1313 ubi·

34 1357 122 1405 que
150 1338 230 1389 suit
253 1341 556 1389 circumcisus

65 1426 254 1490 Hujus
271 1445 436 1495 praeser
420 1431 519 1478 tirn
546 1431 795 1479 circumcisi
800 1433 899 1479 onis
914 1448 963 1479 se
986 1448 1037 1497 p
1019 1432 1251 1496 rticipem
1269 1445 1372 1478 esse
1392 1427 1602 1509 gloriatur

37 1501 329 1570 Apostolus:
355 1505 451 1567 E3o
480 1508 604 1552 cuim
634 1508 909 1569 stigmata..

102 1579 365 1634 Circumcisi
393 1592 495 1634 sunt
524 1588 631 1634 novi
659 1586 745 1634 do(
750 1594 902 1635 tores
927 1603 1028 1635 sum
1050 1593 1094 1635 et
1117 1603 1221 1652 ego.

100 1669 178 1722 De
202 1672 287 1721 hac
311 1690 387 1722 sua
408 1672 581 1736 judaica
602 1675 941 1722 circumcisione
970 1673 1213 1736 gloriantur
1237 1690 1247 1721 ε
1275 1681 1318 1722 at
1344 1689 1456 1736 egO‚
1479 1670 1600 1737 quod

33 1748 171 1814 pluris
194 1752 368 1799 aestimo
389 1786 402 1812 ,
437 1759 482 1799 et
519 1750 576 1800 de
604 1768 694 1816 quo
726 1753 860 1801 unice
888 1752 1081 1815 glorior,
1108 1760 1327 1816 praeterea
1359 1747 1458 1798 sero
1481 1750 1615 1814 stig-v

34 1834 151 1888 mata
168 1864 181 1890 ‚
204 1836 292 1878 etc.

31 1961 33 1963 .
102 1915 408 1967 Communico
433 1921 657 1983 passionis
685 1919 797 1967 illius
828 1918 1060 1967 doloribus
1089 1929 1099 1958 τ
1134 1926 1203 1965 ter
1223 1917 1366 1979 virgis
1399 1933 1604 1966 coesus...

34 1993 194 2044 harum
219 1995 446 2061 plagarum
473 1999 703 2047 cicatrices
726 2004 769 2045 et
789 2006 921 2046 notas
942 1998 989 2044 in
1010 2012 1200 2059 corpore
1223 2010 1326 2044 meo
1346 1999 1478 2058 porto
1506 1995 1603 2041 im-

35 2087 228 2136 pressas.

102 2155 238 2209 Felix
260 2159 332 2209 ille
357 2163 431 2226 qui
449 2197 463 2221 ‚
490 2154 604 2212 sicut
628 2158 875 2226 Apostolus
893 2201 907 2226 ‚
931 2165 1061 2212 unice
1090 2159 1300 2226 gloriatur
1322 2163 1369 2210 in
1400 2176 1532 2210 cruce
1557 2166 1605 2209 et

37 2239 90 2286 in.
108 2237 359 2286 imitatione
383 2234 576 2288 Christi!
1335 2298 1337 2301 .

104 2310 238 2364 Felix
259 2317 334 2381 qui
357 2309 533 2374 Christi
559 2319 765 2380 stigmata
789 2317 874 2366 sert
896 2319 942 2365 in
966 2334 1156 2381 corpore
1178 2316 1288 2365 suo!

106 2396 253 2459 Haec,
287 2403 323 2449 si
348 2419 442 2450 non
466 2404 690 2465 sanguinis
715 2403 965 2462 effusione,
994 2402 1150 2451 saltem
1180 2403 1324 2450 carnis
1347 2398 1604 2450 mortifica-

34 2478 162 2526 tione
180 2514 192 2538 ,
221 2479 274 2527 da
299 2477 413 2527 mihi
432 2516 444 2540 ‚
470 2478 498 2526 ὂ
523 2477 675 2528 Deus!
701 2488 798 2530 toto
825 2483 932 2529 vitae
953 2489 1160 2545 ternpore
1183 2487 1380 2543 portare.

104 2559 162 2619 fi.
202 2568 278 2619 18.
307 2570 475 2618 Gratia
511 2571 707 2619 Domini
730 2571 878 2620 nostr-i
902 2572 1015 2620 Jesu
1049 2567 1272 2619 Chr-isli...
1313 2567 1375 2618 D.
1401 2567 1607 2636 Chryso·

36 2653 210 2696 stomus
229 2685 242 2709 ‚
268 2657 314 2698 et
338 2657 438 2714 post
461 2667 565 2699 eum
594 2647 919 2701 Theodoretus
938 2687 952 2714 ‚
976 2656 1136 2698 nolant
1162 2647 1285 2713 quod
1306 2650 1352 2697 in
1375 2647 1471 2697 aliis
1495 2649 1607 2712 epi-

34 2724 164 2773 stolis
199 2723 320 2776 dicat
342 2721 626 2791 Apostolus,
644 2728 868 2791 gratia...
895 2726 1133 2777 vobiscum
1153 2740 1176 2781 ,·
1202 2726 1280 2773 hic
1310 2742 1413 2774 cum
1439 2725 1609 2787 spiritu
1667 2757 1670 2761 ·

37 2811 217 2863 vestro,
847 2848 849 2852 Α

109 2877 189 2940 Ut,
211 2883 435 2949 inquiunt,
457 2885 483 2932 ὲ
506 2882 754 2942 carnalibus
772 2891 961 2938 revocet
981 2879 1181 2945 Galatas²
1209 2889 1251 2934 et
1272 2882 1315 2931 in
1334 2880 1604 2932 memoriam

1733 2874 1756 2909 Ι
