1794 3210
0 0 72 52 ἵν

414 82 635 138 anppux
672 61 1101 139 Expos1'11o.cup.
1145 68 1190 117 Ι.
1487 61 1590 135 309

0 138 136 216 &mihi
173 152 309 214 fecit,
344 130 624 211 revelatione
666 151 820 204 divina
855 156 1057 207 animum
1089 154 1365 216 illustrante,
1397 160 1445 203 et
1477 151 1588 202 fidei

0 218 240 322 {puysteria
260 230 482 285 docente;

94 303 160 355 Ut
185 306 311 356 illum
336 307 626 372 praedicarem
648 269 909 355 Gentibus.

97 381 259 434 Statim
298 391 343 434 et
376 386 474 432 sine
502 399 629 432 mora
655 381 778 431 illum
801 383 971 445 ubique
997 382 1260 430 annuntiavi
1280 419 1294 443 ,
1326 382 1581 433 inconsulto

25 462 199 513 mortali
223 462 457 528 quolibet,
486 461 737 526 nulliusque
759 459 958 509 hominis
992 468 1122 525 capto
1151 458 1365 521 consilio,
1391 469 1466 510 aut
1496 479 1585 511 au-

21 540 114 592 dita
139 539 361 591 doctriua.

71 615 253 681 ‘Neque
275 617 446 666 cucurri
465 611 499 664 J
503 616 826 683 erosolymam,
843 622 892 665 ut
907 613 1202 663 consulerem*
1207 611 1397 664 Petrum
1403 650 1418 674 ,
1438 612 1584 666 Joan-

18 687 161 756 nern‘,
187 700 233 743 et
254 689 483 743 Jacobum
503 730 515 753 ,
543 696 619 757 qui
645 701 749 742 ante
775 710 852 742 me
875 693 1021 740 vocati
1045 699 1148 740 sunt
1169 693 1224 741 ad
1249 692 1549 757 apostolatum
1565 711 1583 753 ,⁴
1622 699 1625 701 ’

0 777 64 820 νεἰ
85 777 195 819 tunc
227 767 533 836 Jerosolymis
561 770 755 832 agebant
778 788 789 817 z
823 768 907 818 sed
928 769 1019 816 abii
1042 769 1091 816 in
1113 762 1332 817 Arabiam
1353 803 1368 830 ,
1407 775 1453 818 et
1474 767 1584 818 hinc

16 862 228 895 reversus
254 863 356 895 sum
378 842 672 895 Damascum.

92 918 285 974 Deinde
313 931 416 990 post
447 931 543 973 tres
573 939 716 971 annos
751 923 813 971 ivi
846 920 1207 989 jerosolymam,
1240 939 1335 971 non
1372 921 1580 973 discendi

15 1001 168 1051 studio
186 1037 199 1059 ,
241 999 323 1049 sed
347 998 536 1048 honoris
568 1000 704 1063 priori
741 994 969 1063 Apostolo
995 997 1230 1048 deferendi
1258 998 1396 1061 gratia
1414 1036 1428 1062 ‚
1460 998 1581 1063 apud

18 1081 154 1141 quern
182 1076 244 1126 sui
270 1094 350 1142 per
375 1068 471 1124 die's
494 1079 668 1124 tanturn
694 1075 984 1140 quindecim,
1018 1084 1196 1138 tempus
1219 1078 1326 1124 sane
1359 1075 1544 1146 brevius
1563 1111 1578 1136 ‚

15 1156 153 1217 quam
186 1167 299 1215 opus
333 1149 489 1199 suisset
533 1157 582 1198 ut
620 1151 678 1198 ab
719 1167 775 1199 eo
813 1150 1036 1200 discerem
1075 1147 1379 1212 Evangelium
1402 1187 1416 1213 ,
1455 1149 1580 1215 quod

15 1229 195 1279 aliunde
216 1246 311 1278 non
339 1227 524 1278 fuissem
549 1228 754 1279 edoctus,

85 1302 242 1354 Alium
267 1313 417 1354 autem
445 1321 541 1355 non
567 1304 690 1366 vidi,
717 1307 819 1369 quia
851 1305 1031 1359 atiixatio
1057 1307 1235 1354 iverant
1260 1300 1502 1369 Apostoli,
1525 1313 1574 1353 ut

17 1378 322 1447 Evangelium
345 1381 838 1446 praedicarent3501um
857 1382 950 1431 vidi
975 1380 1199 1431 Jacobum
1216 1419 1229 1444 ‚
1255 1380 1445 1431 Domini
1463 1398 1576 1430 con-

18 1457 254 1505 sobrinum
272 1494 285 1517 ,
311 1452 478 1505 Filium
502 1459 669 1522 quippe
694 1454 855 1506 Mariae
877 1454 1125 1525 Cleophae‚
1149 1460 1316 1533 sororis
1335 1453 1395 1506 B.
1416 1453 1575 1505 Mariae

0 1531 234 1599 'Virginis.

85 1610 202 1662 Haec
219 1619 369 1662 autem
390 1614 544 1661 omnia
567 1611 680 1662 sacta
700 1613 784 1661 sub
803 1614 1057 1675 juramento
1078 1613 1211 1661 vobis
1231 1627 1441 1661 assevero
1457 1648 1470 1672 ,
1493 1619 1576 1661 ut·-

12 1697 122 1755 pote
157 1680 311 1756 magni
345 1692 565 1739 momenti
586 1726 598 1748 ‚
649 1698 692 1739 et
727 1691 898 1740 creditu
931 1692 1205 1749 necessaria3
1242 1697 1289 1739 ut
1322 1705 1416 1738 non
1444 1696 1574 1753 puter

13 1764 347 1832 Apostolorum
381 1767 652 1832 discipulus,
692 1770 748 1817 ab
780 1769 862 1818 illis
897 1765 1087 1819 edoctus
1118 1777 1163 1819 et
1195 1769 1383 1826 missus;
1409 1765 1492 1816 sed
1522 1774 1571 1816 ut

11 1841 173 1892 tredar
195 1842 318 1907 quod
339 1860 438 1892 sum
456 1848 614 1894 revera
633 1842 880 1910 Apostolus
900 1841 1103 1907 Christi,
1128 1852 1175 1895 et
1191 1846 1282 1893 ab
1269 1860 1369 1908 lpso
1386 1840 1573 1893 Christo

11 1923 205 1972 edoctus
230 1933 276 1973 et
298 1926 475 1975 missus.

82 1997 266 2048 Deinde
285 2017 314 2049 x
319 2002 393 2049 eni
414 2002 459 2048 in
481 2009 628 2064 partes
645 1999 790 2066 Syrrae
813 2009 857 2051 et
883 1998 1120 2061 Ciliciae3
1108 2019 1154 2050 in
1177 2001 1292 2051 nulla
1312 2005 1462 2066 itaque
1481 1995 1515 2048 J
1519 2017 1574 2049 u-

10 2070 129 2123 ‹laeae
153 2076 265 2123 urbe
294 2081 366 2123 aut
391 2077 579 2141 regione
606 2077 868 2127 immoratus
903 2094 1004 2126 sum
1028 2115 1042 2142 ,
1074 2079 1152 2127 ubi
1178 2077 1465 2127 christianam
1491 2095 1570 2127 re-

14 2150 232 2214 ligionem
254 2150 487 2202 edocerer.

78 2223 268 2290 Ignotus
294 2221 416 2278 eram
436 2265 448 2290 ‚
476 2236 583 2290 ete„
609 2247 718 2296 ergo
741 2247 829 2280 nec
850 2231 938 2280 dici
958 2238 1107 2295 potest
1129 2227 1251 2295 quod
1271 2228 1328 2278 de
1346 2245 1423 2278 me
1437 2244 1570 2293 spar—

42 2313 123 2372 unt
151 2303 246 2374 falsi
277 2304 520 2375 doctores,
564 2308 757 2369 scilicet,
803 2309 926 2374 quod
962 2309 1080 2374 apud
1117 2303 1311 2357 Judaeos
1337 2307 1570 2356 docuerim

47 2383 332 2438 ecessitatem
361 2383 712 2435 circumcisionis
737 2385 1036 2450 suscipiendae
1053 2422 1064 2444 ‚
1092 2385 1292 2450 legisque
1315 2383 1571 2434 servandae.

35 2469 43 2487 ³
82 2457 264 2508 Rumor
283 2463 453 2509 tantum
471 2461 589 2526 apud
609 2462 706 2512 illos
731 2463 787 2513 de
809 2481 884 2514 me
906 2465 1242 2530 percrebuerat,
1265 2464 1480 2527 quoniam
1495 2460 1569 2511 ille

45 2537 91 2584 ui
113 2551 198 2583 nos
222 2535 460 2600 aliquando
483 2541 862 2604 persequebatur,
890 2559 1013 2591 nunc
1035 2543 1267 2591 annuntiat
1287 2540 1406 2590 hanc
1426 2542 1569 2604 ipsam

27 2615 153 2666 'dem
172 2651 186 2677 ,
219 2632 354 2680 quam
375 2619 497 2681 prius
529 2621 832 2684 expugnabat.

35 2706 142 2759 Et
165 2727 224 2760 ex
250 2728 325 2760 me
344 2712 585 2764 sumebant
613 2714 898 2765 occasionem
919 2713 1075 2766 Deum
1096 2714 1335 2777 laudandi,
1365 2715 1468 2767 cirm
1492 2732 1567 2765 me

44 2783 220 2838 iderent
240 2803 300 2836 ex
320 2787 427 2854 lupo
457 2788 622 2857 factum
650 2800 911 2881 pastorem,
939 2802 981 2845 et
1009 2796 1199 2861 pastoris
1221 2796 1372 2846 munia
1397 2809 1565 2860 geren-

32 2877 131 2913 em.
