1794 3210
15 141 23 163 ν,
357 96 591 155 mmx-
614 100 894 151 ssxpos'i‘rio.
933 94 1052 163 Gap.
1091 93 1190 145 III.
1459 87 1562 161 36¹9

0 180 155 261 tibin&
172 201 344 248 *etinos
365 200 535 242 omues·
558 193 590 239 a
610 186 935 238 matedictione
964 183 1175 233 liberavit
1203 183 1338 258 quam
1368 176 1563 230 lexsuis

0 267 191 327 ffitentat
214 263 658 334 πωεμεεεοτίὸυεε,
1305 265 1307 267 ’
1420 265 1423 267 ’
1485 267 1489 270 “
1558 282 1564 288 ⁷

70 346 234 399 Factus
257 358 322 399 est
349 351 446 414 ipse
466 364 548 413 pro
573 345 707 393 nobis
728 340 986 390 maledictio
1006 376 1017 398 ‚
1042 338 1089 387 id
1113 346 1179 386 est
1199 374 1213 396 ‚
1238 345 1416 386 nostras
1441 338 1490 386 in
1508 335 1569 387 *sd

2 416 197 493 sus-cepit
215 427 578 482 maledictiones,
603 436 680 468 seu
702 426 885 484 peccata
904 415 1093 473 luenda;
1119 415 1175 463 ab
1193 414 1456 464 hominibus
1472 412 1567 462 ha·-

2 504 123 553 bitus
149 512 217 552 est
253 503 376 568 quasi
401 503 520 549 esset
557 493 662 544 Deo
687 493 1004 549 exsecrabili33
1031 490 1200 540 infame
1233 506 1315 555 pro
1346 489 1487 537 nobis
1519 497 1566 538 et

4 580 283 630 exsecrabile
305 578 446 627 crucis
470 572 709 624 subeundo
733 571 1016 635 supplicium.

72 654 298 720 Scriptum
322 661 390 702 est
413 649 716 700 :Maledictus
751 655 840 696 etc.
863 648 985 710 atqui
1019 641 1225 692 Christus
1249 643 1294 690 in
1327 657 1459 690 cruce
1487 656 1569 706 pro

3 731 138 789 nobis
161 728 379 793 pependit
407 745 416 773 :
440 725 580 774 sactus
604 732 672 772 est
694 740 802 787 ergo
826 739 907 786 pro
937 721 1071 769 nobis
1093 719 1359 769 maledictus
1377 755 1392 781 ‚

31 810 49 829 ”
62 799 135 860 'Ut
153 806 413 858 Benedictio
435 803 641 855 Abrahae
662 805 883 874 promissa
902 817 984 865 per
1002 797 1235 850 Christum
1254 798 1466 867 genfnbus
1479 796 1570 846 ob·

6 875 221 938 veffltel:
256 910 260 914 ·

76 959 138 1011 Et
157 977 237 1025 per
255 959 396 1008 fidem
414 997 428 1020 ‚
451 955 668 1023 Spiritum
688 955 1047 1005 sanctificantem
1069 951 1359 1005 credentibus
1377 952 1579 1022 promis».

9 1061 109 1093 sum
129 1081 143 1104 ‚
173 1051 386 1105 tanquam
412 1042 533 1088 veris
559 1034 760 1087 Abrahae
787 1036 914 1103 filiis,
943 1037 1263 1101 reciperemus.

76 1143 281 1204 Fratres,
311 1140 511 1192 humana
530 1142 704 1190 ratione
719 1178 733 1203 ‚
759 1139 1050 1204 humanoque
1070 1146 1170 1187 utor
1191 1136 1405 1201 exemplo
1425 1172 1440 1198 ,
1463 1138 1510 1186 in
1527 1153 1577 1187 re

13 1220 227 1286 spirituali
253 1237 304 1268 ac
326 1218 481 1268 divina
500 1237 512 1276 ;

78 1296 432 1349 Testamentum
467 1302 547 1346 aut
571 1301 752 1359 pactum
774 1329 786 1352 ‚
813 1293 989 1341 tametsi
1017 1291 1201 1340 nonnisi
1233 1287 1433 1339 hominis
1451 1325 1467 1354 ,
1491 1292 1577 1341 rite

6 1374 200 1435 sactum,
227 1380 271 1422 et
299 1369 477 1438 publica
504 1372 766 1419 auctoritate
788 1368 1104 1417 confirmatum
1123 1403 1137 1428 ‚
1543 1369 1545 1371 ’

81 1446 244 1502 Nemo
267 1452 438 1516 spernit
457 1486 472 1512 ‚
495 1466 633 1498 nemo
653 1455 807 1498 contra
832 1447 1035 1507 ordinat,
1062 1445 1276 1496 addendo
1292 1483 1305 1508 ‚
1326 1444 1579 1507 demendo,

12 1533 326 1589 immutand03
355 1531 498 1581 multo
521 1532 669 1580 minus
692 1536 1011 1580 testamentum
1030 1564 1044 1589 ‚
1081 1545 1162 1577 seu
1193 1529 1467 1593 promissum
1491 1523 1581 1577 Dei

14 1615 113 1678 quis
140 1617 291 1677 potest
314 1607 559 1674 infringere
579 1646 592 1670 ‚
616 1609 787 1657 irritare
802 1642 815 1667 ‚
841 1619 1061 1656 evacuare
1076 1597 1103 1653 ?

85 1745 231 1813 Atqui
259 1744 459 1798 Abrahae
481 1743 612 1794 sactae
641 1749 744 1791 sunt
773 1744 800 1790 a
824 1739 929 1792 Deo
965 1741 1317 1807 promissiones,
1343 1738 1583 1805 aliquoties

18 1829 220 1892 repetitae
248 1834 295 1874 et
325 1825 490 1874 semini
515 1826 645 1886 ejus:
679 1819 802 1884 quod
828 1822 953 1869 enim
988 1816 1164 1869 GeneS.
1205 1836 1283 1868 12.
1325 1817 1381 1880 3,
1411 1818 1582 1868 dictum

17 1914 85 1955 est
115 1902 322 1954 Abrahae
340 1940 354 1966 ‚
383 1899 558 1953 GeneS.
580 1923 662 1954 22.
702 1903 791 1968 18,
818 1903 987 1952 dictum
1014 1907 1081 1949 est
1106 1899 1164 1948 de
1184 1901 1360 1949 semine
1384 1900 1480 1961 ejus
1497 1934 1512 1958 ‚

87 1980 152 2033 Ut
180 1984 398 2032 indicaret
431 1981 550 2031 hanc
585 1971 962 2033 benedictionem
998 1987 1265 2030 eventuram
1297 1977 1470 2028 mundo
1503 1994 1585 2042 per

18 2077 158 2111 unum
183 2078 241 2111 ex
272 2058 473 2110 Abrahae
497 2061 597 2109 filiis
625 2080 636 2109 ε
660 2063 767 2110 uSus
790 2069 861 2111 est
881 2067 1031 2110 autem
1059 2054 1186 2107 Deus
1215 2055 1459 2122 singulari,
1486 2073 1585 2106 non

18 2138 182 2202 plurali
219 2155 441 2198 numero,
484 2145 532 2186 ut
563 2134 793 2188 Christum
829 2139 1108 2203 exprimeret
1146 2152 1205 2185 ex
1234 2131 1389 2183 Isaaco
1425 2135 1586 2183 orien-

23 2213 151 2264 dum.

91 2348 204 2406 Hoc
226 2357 360 2419 igitur
382 2354 488 2404 inde
508 2351 729 2405 concludo
756 2372 767 2403 ε
790 2351 914 2419 Ergo
937 2360 1258 2403 testamentum
1279 2352 1411 2413 illud,
1434 2356 1459 2402 a
1481 2348 1586 2403 Deo

23 2431 191 2483 sactum
219 2431 277 2480 de
300 2427 630 2479 benedicendis
649 2449 700 2480 ac
724 2430 950 2482 salvandis
973 2430 1187 2494 gentibus
1212 2446 1294 2495 per
1315 2431 1499 2479 unicum
1528 2429 1590 2479 it·

19 2507 98 2556 lud
117 2524 278 2556 semen
300 2542 315 2567 ‚
341 2506 481 2555 filium
503 2503 730 2567 Abrahae,
758 2509 969 2556 nimirum
993 2523 1072 2570 per
1094 2506 1235 2555 fidem
1267 2509 1314 2555 in
1337 2502 1589 2555 Christum.

94 2580 197 2631 Lex
218 2580 350 2645 longe
370 2585 592 2645 posterior
616 2600 708 2631 non
731 2591 880 2649 potest
912 2585 1082 2632 irritare
1107 2600 1193 2632 nec
1226 2584 1470 2646 abrogare,
1501 2598 1590 2631 nec

23 2659 85 2709 illi
122 2658 367 2724 quidquam
390 2658 692 2724 superaddere
718 2679 730 2709 ι
758 2662 997 2723 abrogaret
1024 2668 1181 2709 autem
1197 2698 1210 2723 ‚
1236 2661 1273 2708 si
1302 2656 1398 2725 ipsa
1423 2666 1470 2708 et
1495 2660 1590 2708 cir-

26 2737 306 2787 cumcisione
331 2752 443 2799 opus
469 2743 587 2784 esset
617 2735 673 2786 ad
707 2737 1095 2797 justificationem,
1128 2754 1224 2786 non
1251 2737 1505 2802 baptismo,
1545 2743 1592 2786 et
1676 2757 1679 2760 ·

26 2809 118 2861 fide
144 2813 193 2859 in
219 2806 451 2858 Christum
477 2829 488 2858 :
515 2810 870 2876 superadderet,
895 2812 932 2859 si
955 2814 1043 2859 una
1079 2827 1182 2860 cum
1215 2811 1444 2878 baptismo
1475 2826 1591 2875 opus

29 2893 148 2935 esset
172 2887 531 2936 circumcisione.
