1794 3210
187 91 307 155 -4180
658 78 934 140 *Eprsv‘ronffl
971 94 1042 140 An'
1076 104 1314 146 eamus
1358 104 1361 105 ⁷

208 184 275 230 eis
295 178 481 230 reducat
509 177 684 228 donum
720 174 916 242 Spiritus
940 181 1080 229 sancti
1094 167 1126 240 ‚⁵
1147 179 1273 245 quod
1307 183 1357 232 in
1386 176 1545 248 spiritu
1567 196 1654 237 suu
1673 172 1779 236 non

205 273 289 323 per
311 257 459 322 legem
480 293 493 320 ‚
522 256 606 305 sed
624 259 718 321 'per
740 255 882 306 fidem
907 265 1195 322 acceperunt.

208 414 519 467 Corollarium
557 416 782 479 pz'etalr's,
836 432 917 463 seu
950 416 1000 463 1⁰11
1038 415 1128 463 hoc
1163 415 1326 480 Capite
1357 411 1420 476 6,
1460 415 1530 463 ad
1556 417 1777 480 pietatem

413 492 623 541 maxime}
656 491 866 540 notanda
885 526 902 550 ,
928 500 973 539 et
996 492 1063 539 ad
1083 495 1276 556 praxim
1306 493 1572 557 redigenda.

878 641 1062 690 emmo.

209 773 600 889 SPIRITUALES
619 875 632 900 ‚
671 837 892 905 perfecti,
922 840 1181 903 superiores
1205 837 1443 889 attendant
1463 839 1697 904 speciatim
1718 837 1780 889 ad

205 905 264 964 fi.
298 931 317 961 1
338 950 351 975 ‚
379 932 406 962 2
429 951 442 975 ‚
470 911 530 975 3,
558 914 619 975 4,
650 914 679 964 5
697 952 710 976 ,
739 919 787 964 in
811 916 973 980 quibus
1006 917 1186 980 egregia
1208 917 1440 980 reperient
1467 915 1741 966 documenta
1759 949 1776 977 ,

205 994 230 1040 a
251 1007 301 1040 se
315 1029 328 1052 ‚
351 994 468 1041 circa
489 992 678 1043 aliorum
699 994 849 1059 lapsus
866 1033 878 1056 ‚
902 994 1207 1045 observanda.

270 1064 607 1134 Delinquentes
631 1073 764 1136 igitur
782 1074 1057 1133 correcturi,
1083 1080 1255 1122 tantam
1272 1072 1463 1122 induant
1483 1069 1788 1130 charitatem..

205 1148 605 1198 mansuetudinem
623 1186 635 1210 ‚
663 1149 997 1208 humilitatem,
1030 1157 1078 1198 ut
1099 1149 1181 1199 has
1201 1153 1389 1200 virtutes
1411 1166 1508 1199 non
1531 1148 1674 1198 modo
1699 1165 1777 1197 re-

206 1223 420 1289 doleant,
458 1226 542 1275 sed
563 1230 699 1277 etiam
722 1230 943 1293 inspirent
966 1246 976 1275 z
1001 1229 1062 1276 In
1090 1228 1256 1292 spiritu
1278 1217 1649 1276 mansuetudinis
1665 1262 1679 1288 ,
1705 1226 1780 1274 Ie·-

205 1304 372 1351 nilalzs
395 1307 609 1353 instruite
626 1342 637 1363 ‚
667 1303 722 1360 Ῠ.
751 1326 795 1356 1.

275 1378 506 1431 Caveant
496 1402 540 1432 m
559 1386 718 1450 primis
737 1403 762 1434 a
780 1384 990 1449 superbia
1008 1379 1255 1444 Pharisaei,
1275 1383 1336 1432 ob
1353 1380 1546 1432 aliorum
1561 1387 1780 1431 externos

205 1458 412 1510 desectus
433 1465 652 1512 tumentis
673 1463 862 1529 aliisque
884 1480 986 1513 sese
1012 1460 1312 1530 praeferentis.

271 1534 526 1604 Propterea
566 1544 841 1607 semetipsos
883 1545 1281 1609 circumquaque
1289 1539 1620 1591 considerent:
1660 1538 1779 1588 circa

199 1622 509 1684 praeteritum,
538 1621 647 1685 quid
673 1620 771 1671 fui?
807 1622 914 1687 quid
952 1620 1038 1671 feci
1058 1621 1079 1671 Ξ)
1104 1617 1219 1671 eirca
1245 1636 1442 1686 praesens
1463 1654 1477 1677 .,
1505 1617 1614 1685 quid
1634 1631 1737 1666 sum
1754 1614 1786 1679 Ρ,

206 1695 317 1760 quid
336 1696 483 1748 facio?
512 1702 628 1749 circa
654 1699 853 1750 futurum
880 1738 892 1761 ,
921 1700 1030 1765 quid
1053 1698 1275 1760 facerem,
1294 1700 1359 1760 si,
1384 1695 1491 1746 etc?

273 1770 341 1826 At
361 1780 609 1842 praesertim
625 1780 922 1828 recordentur
939 1778 1168 1828 tremendi
1190 1778 1344 1842 judicii
1365 1773 1487 1838 Dei,
1515 1789 1666 1823 coram
1687 1786 1778 1839 quo

204 1856 364 1905 sistant
385 1858 431 1905 in
455 1859 628 1908 animo·
649 1855 771 1910 Vide
789 1873 947 1923 versus
972 1859 1148 1906 citatos.

856 2011 1023 2048 sacrm
1036 1999 1113 2045 οὸ.

273 2129 520 2184 Inferiores
545 2134 781 2185 attendant
802 2134 861 2184 ad
881 2133 953 2199 Jff.
976 2134 1008 2185 6
1037 2142 1083 2184 et
1105 2153 1149 2198 7.
1174 2139 1220 2182 et
1243 2147 1303 2181 ex
1322 2131 1389 2178 eis
1409 2127 1582 2177 discant
1603 2127 1651 2175 in
1669 2143 1777 2176 suos

205 2212 470 2263 catechistas
488 2252 501 2277 ‚
532 2215 769 2275 doctores,
821 2218 1167 2265 concionatores
1183 2247 1196 2274 ‚
1241 2210 1542 2277 praepositos,
1587 2206 1775 2256 benefi-

146 2337 148 2341 .
202 2294 419 2343 centiam.

270 2367 349 2420 De
368 2373 460 2421 suis
492 2371 815 2437 temporalibus
845 2371 981 2421 bonis
1012 2371 1123 2422 dent
1142 2372 1196 2420 iis
1219 2374 1248 2421 ὲ
1274 2371 1437 2438 quibus
1465 2366 1707 2434 spiritualia
1728 2373 1779 2416 et.

203 2456 378 2500 aeterna
398 2453 639 2517 recipiunt.

890 2601 1102 2652 ΤΕΒΤιὸ.

262 2737 574 2794 Attendamus
610 2743 775 2807 singuli
810 2743 867 2793 ad
905 2738 975 2806 yffi.
1012 2740 1073 2805 8,
1110 2761 1164 2812 9,
1202 2761 1292 2805 10,
1328 2742 1377 2791 in
1400 2737 1579 2808 quibus
1608 2755 1775 2790 omnes

199 2813 483 2870 Christianos
506 2820 712 2871 hortatur
731 2818 984 2887 Apostolus
1001 2819 1061 2869 ad
1083 2828 1239 2870 sancta
1263 2827 1310 2870 et
1330 2819 1451 2870 bona
1473 2834 1519 2884 01
1533 2832 1577 2867 e
1576 2833 1641 2879 ·‚a
1664 2832 1779 2866 ma-

198 2900 328 2962 xime
350 2900 408 2951 ad
430 2902 821 2953 beneficentiam
810 2918 858 2952 in
886 2901 1172 2967 proximum.
