1754 3210
125 95 233 148 150
404 113 649 150 sueonum
685 114 957 154 emsromz
995 111 1069 154 An
1103 118 1424 166 comm-mos

117 193 447 250 exspectatus,
479 183 706 237 Corintho
757 187 945 238 tandem
983 190 1172 241 advenit
1203 191 1262 243 ad
1293 189 1520 259 Paulum,
1563 199 1701 266 eique

127 260 475 316 Corinthiorum
500 268 879 318 emendationem
907 278 1071 321 narrat.

195 342 323 394 Hinc
346 343 577 411 Apostolo
600 365 763 412 magna
786 349 1039 399 consolatio
1056 387 1070 413 ‚
1101 357 1145 400 et
1170 351 1295 418 quod
1315 348 1452 402 Titus
1481 353 1698 421 redierit,

121 428 167 471 et
191 422 316 485 quod
343 420 570 474 Corinthii
592 428 878 492 resipiscant.

187 494 246 554 fi.
270 522 314 570 7.
337 505 450 554 Non
472 508 622 556 solum
648 516 858 558 autem...
877 508 926 558 id
950 517 1049 570 est,

190 580 309 633 Non
344 584 492 637 solum
516 595 667 636 autem
690 605 772 653 per
793 587 1043 637 adventum
1079 585 1206 652 Titi,
1231 608 1368 654 quem
1392 584 1700 646 vehementer

121 662 337 726 optabam
358 700 372 726 ,
406 681 494 712 nos
529 660 655 713 Deus
689 664 946 713 consolatus
970 674 1068 723 est;
1101 666 1185 715 sed
1207 670 1344 718 etiarn
1367 686 1450 734 per
1471 666 1699 722 consola-

114 743 296 792 tionem
313 781 326 805 ,
354 761 491 810 quam
530 746 630 810 ipse
657 741 795 794 Titus
819 744 878 793 de
903 744 1037 792 vobis
1063 749 1236 811 accepit
1253 783 1267 809 ,
1295 757 1342 798 et
1376 767 1511 815 quam
1534 752 1581 800 in
1609 767 1698 802 nos

114 815 307 870 refudit.
1027 827 1030 830 '

188 894 411 960 Rcferens
431 899 565 948 nobis
582 908 786 949 vestrum
807 898 1086 947 desiderium
1103 934 1119 957 ,
1147 895 1253 966 Syr.
1272 907 1475 951 vestram
1496 902 1698 960 charita·-

94 981 213 1023 -tem
237 992 342 1040 erga
363 992 468 1025 nos.
731 997 738 1001 ·

187 1048 295 1116 Ipse
315 1055 441 1102 enim
461 1053 599 1102 nobis
625 1054 907 1103 annuntiavit
929 1060 1135 1103 vestrum
1166 1054 1262 1104 mei
1295 1054 1487 1108 videndi
1510 1044 1699 1110 deside·

115 1132 261 1189 riuum
288 1146 368 1180 seu
394 1140 565 1197 quanto
588 1130 752 1181 ardore
775 1149 860 1182 nos
882 1131 1040 1182 videre
1063 1133 1331 1197 cupiebatis·

187 1204 238 1256 S.
274 1203 528 1258 Anselmus
568 1210 655 1268 ait,
699 1217 904 1258 vestrum
936 1209 995 1259 de
1036 1209 1363 1261 emendatione
1401 1211 1702 1266 desiderium.

97 1277 184 1334 Ἰ).
220 1280 459 1345 Thomas,
486 1292 688 1334 vestrum
717 1284 995 1334 desiderium
1018 1284 1076 1333 de
1104 1284 1388 1348 proficiendo
1411 1288 1460 1336 in
1484 1289 1667 1341 melius.

194 1357 424 1409 Vestrum
443 1360 640 1426 fletum,
669 1361 731 1425 ob
767 1369 948 1425 peccata
978 1369 1152 1423 vestra,
1181 1361 1258 1410 vel
1277 1363 1340 1411 ob
1359 1368 1582 1416 meamin
1605 1383 1695 1417 vos

120 1438 556 1497 stomachationem,
584 1442 645 1488 ait
665 1435 727 1487 D.
757 1437 1135 1505 Chrysostornus.

142 1549 145 1556 ι
192 1518 414 1567 Vestram
448 1518 798 1573 cumulationem
831 1537 916 1582 pro
946 1537 1035 1577 me,
1067 1517 1116 1567 id
1156 1526 1257 1578 est,
1293 1517 1556 1570 ferventem
1591 1536 1704 1585 erga

117 1590 195 1648 me
231 1615 438 1648 amorem
472 1605 677 1647 vestrum
700 1635 713 1660 ,
759 1597 907 1648 zelum
947 1614 1024 1647 me
1057 1593 1103 1646 et
1137 1596 1333 1663 collegas
1367 1615 1499 1649 meos
1539 1599 1701 1653 tuendi

115 1684 278 1727 contra
308 1678 657 1727 obtrectatores,
1047 1680 1054 1683 ”

188 1760 270 1808 Ita
297 1767 349 1807 ιιι
385 1761 538 1822 magis
569 1759 838 1822 gauderem.
872 1755 977 1825 Syr.
1006 1775 1108 1823 quae
1144 1758 1252 1808 cuin
1287 1755 1513 1822 audirem,
1547 1759 1701 1824 gaudii

119 1835 366 1904 plurimum
392 1835 551 1886 habui.

188 1911 332 1963 Juxta
354 1913 478 1964 hanc
506 1916 790 1974 versionem,
813 1930 950 1979 quam
973 1913 1101 1963 multi
1124 1920 1397 1980 sequuntur,
1424 1914 1597 1977 magis,
1619 1929 1702 1979 po·

119 1991 243 2039 nitur
262 2007 343 2055 pro
370 1991 599 2049 maxime,
625 1997 672 2039 et
697 1989 941 2055 explicatio
967 1989 1072 2040 haec
1090 1991 1340 2056 simplicior
1359 1988 1559 2039 videtur.

193 2062 291 2128 Qui
315 2070 430 2116 vero
455 2074 640 2115 sumunt
681 2067 852 2128 magis,
889 2066 1218 2130 comparative,
1251 2062 1301 2112 hi
1333 2061 1591 2112 secundum
1614 2060 1701 2112 di—

119 2160 281 2194 versos
304 2153 539 2210 respectus
565 2144 937 2208 comparationis,
966 2139 1281 2191 diversimode
1306 2138 1552 2205 explicant.

192 2219 286 2272 Vel
310 2236 399 2288 ‘per
435 2229 699 2287 respectum
747 2219 804 2268 ad
842 2221 1093 2286 superiora.
1115 2219 1192 2266 Ita
1222 2226 1273 2266 ut
1318 2218 1470 2280 magis
1509 2216 1697 2280 gaude-

122 2320 222 2352 rem
260 2303 320 2353 de
356 2311 507 2353 vestra
534 2303 841 2362 correctione,
885 2303 1020 2366 quam
1040 2298 1253 2348 dolebam
1282 2296 1342 2348 de
1365 2305 1519 2347 nostra
1546 2296 1700 2347 tribu-

119 2378 327 2430 latione:
364 2382 425 2429 ita
458 2376 522 2429 D.
550 2374 818 2427 Ansetmus.
861 2439 871 2445 ἱ

190 2456 299 2519 Vel,
323 2460 383 2507 ita
402 2466 450 2508 ut
487 2455 741 2507 consolatio
762 2453 859 2506 Titi
887 2456 1063 2505 auxerit
1101 2471 1258 2504 meum
1287 2451 1348 2503 de
1370 2452 1467 2514 ejus
1493 2449 1697 2501 adventu

117 2533 365 2600 gaudium:
403 2551 462 2583 ex
495 2533 731 2598 praesentia
755 2528 856 2581 Titi
878 2531 1171 2591 exhilaratus,
1199 2534 1346 2594 magis
1368 2530 1550 2593 gavisus
1573 2543 1696 2590 sum,

125 2616 230 2680 quia
262 2612 366 2663 talia
402 2611 516 2661 mihi
554 2611 613 2661 de
651 2611 787 2660 vobis
811 2611 1057 2671 nuntiavit,
1082 2610 1144 2658 ait
1171 2604 1568 2673 'l'heophylactus.

191 2689 291 2742 Per
327 2698 589 2756 respectum
634 2688 693 2739 ad
728 2692 967 2753 sequentia
997 2707 1009 2737 t
1047 2690 1106 2737 ita
1143 2695 1192 2736 ut
1229 2685 1303 2737 his
1345 2684 1508 2735 auditis
1552 2685 1698 2746 magis

122 2773 306 2837 gavisus
328 2772 437 2834 sim,
461 2773 596 2835 quarn
622 2777 754 2819 antea
776 2767 950 2818 sueram
975 2767 1037 2816 ob
1074 2773 1224 2815 vestra
1259 2763 1424 2815 delicta
1453 2762 1701 2812 contrista·

123 2857 195 2902 tus
233 2850 257 2912 (
276 2854 366 2900 etsi
381 2852 627 2916 poeniteret
648 2848 690 2910 ).

196 2927 284 2984 vet
330 2935 392 2983 ita
423 2938 473 2983 ut
501 2948 562 2982 ex
602 2928 767 2980 auditis
798 2928 950 2992 majus
968 2928 1252 2995 perciperem
1284 2923 1531 2993 gaudium,
1564 2924 1705 2991 quam
