1754 3210
406 80 634 118 rumex
671 68 962 116 Exposrrm.
995 61 1112 127 Cap.
1149 59 1212 114 V.
1523 61 1594 128 93

372 348 381 357 ·
460 347 738 423 :CAPUT
776 346 1165 422 Qumrum.

641 523 979 588 Parophmsis.

8 657 130 771 N
141 736 340 773 evimus
367 723 492 772 enim
513 737 598 786 per
621 720 789 780 fidem,
819 717 940 785 quod
967 719 1002 768 si
1028 732 1189 780 corpus
1209 714 1300 765 hoc
1320 686 1578 778 terrenum,

27 798 151 865 quod
176 807 245 849 est
268 801 434 849 animae
461 798 767 858 domicilium,
794 796 992 845 adinstar
1008 793 1307 856 tabernaculi,
1333 793 1587 843 destruatur

25 891 111 940 pro
133 872 346 936 Christo;
335 876 670 927 ·habebimus
657 892 703 923 in
727 876 1054 922 resurrectione
1080 872 1357 921 domicilium
1371 889 1458 921 seu
1484 889 1594 922 cor-

11 962 110 1016 ‘pus
128 955 370 1020 spirituale,
393 957 632 1014 aeternum,
655 949 854 1011 coeleste,
871 967 976 1008 ,non
1001 948 1282 1010 humanitus,
1306 947 1389 997 sed
1409 949 1591 999 divini-

24 1040 98 1084 tus
120 1031 306 1081 sactum.
383 1088 385 1090 Ι
450 1091 457 1101 Χ

48 1126 51 1127 ’
93 1105 216 1160 Nam
253 1109 300 1156 in
326 1105 416 1155 hoc
441 1105 561 1156 luteo
597 1121 788 1168 corpore
810 1107 1055 1169 gemimus,
1079 1103 1392 1155 desiderantes
1430 1094 1593 1156 incor-

20 1189 362 1256 mptibititatem
381 1196 425 1238 et
438 1187 568 1238 dotes
590 1186 808 1253 gloriosas
833 1186 1026 1235 coelestis
1045 1188 1264 1253 corporis,
1281 1195 1497 1252 tanquam
1519 1190 1593 1237 in-

24 1260 295 1320 dumentum
321 1267 613 1333 superindui:
643 1267 766 1334 quod
800 1265 986 1332 quidem
1007 1267 1143 1316 nobis
1171 1269 1420 1332 continget,
1447 1270 1485 1316 si
1503 1284 1589 1316 nos

24 1362 217 1410 corpore
247 1347 459 1406 vestitos,
490 1352 535 1395 et
560 1361 657 1393 non
684 1343 829 1393 nudos
852 1342 1164 1408 deprehendat
1190 1344 1288 1394 dies
1310 1342 1520 1395 Domini.

98 1419 334 1485 Quandiu,
355 1423 561 1487 inquam,
583 1423 630 1470 in
653 1419 743 1470 ho'c
765 1420 884 1470 luteo
917 1419 1208 1470 tabernaculo
1236 1438 1481 1483 moramur,
1506 1439 1590 1486 ge-

3 1500 196 1548 *mimus
222 1498 338 1548 illius
375 1501 677 1564 onere-pressi
695 1535 708 1559 ‚
736 1506 781 1547 et
805 1497 862 1546 ad
899 1497 1374 1562 incorruptibilitatem
1400 1498 1594 1549 anhela-

0 1590 150 1635 „mus;
179 1591 276 1624 non
305 1574 428 1639 (quod
453 1575 645 1625 velimus
679 1593 761 1640 per
785 1582 982 1624 mortem
1011 1573 1102 1622 hoc
1124 1577 1229 1624 exui
1255 1593 1477 1640 corpore:
1508 1573 1591 1643 sed

18 1652 266 1714 vellemus,
295 1669 376 1718 per
402 1655 796 1715 immutationem,
833 1653 1096 1717 superindui
1143 1655 1499 1717 immortalitate,
1540 1662 1589 1704 ut

2 1739 104 1796 sper
122 1729 535 1795 apprehensionem
561 1739 745 1781 aeternae
772 1733 880 1780 vitae
906 1731 1202 1781 absorbeatur
1223 1729 1358 1794 hujus
1381 1734 1586 1799 corporis

20 1807 286 1859 mortalitas.

44 1938 46 1940 ,
89 1880 232 1934 Deus
257 1892 408 1934 autem
435 1887 532 1949 ipse
555 1892 640 1945 est,
668 1887 743 1949 qui
777 1902 863 1934 nos
888 1884 944 1933 ad
983 1883 1072 1933 hoc
1100 1884 1282 1934 coeleste
1306 1884 1586 1937 domicilium

18 1959 183 2012 format
215 1969 260 2032 et
295 1968 445 2025 aptat,
475 1962 550 2025 qui
589 1963 723 2010 nobis
760 1961 865 2010 illud
892 1963 1131 2026 promisit,
1177 1963 1253 2026 qui
1289 1968 1335 2010 et
1370 1957 1589 2025 Spiritum

13 2047 223 2090 sanctum
256 2039 392 2087 nobis
424 2041 469 2087 in
494 2037 671 2088 arrham
704 2039 850 2089 dedit.

85 2111 194 2164 Hac
228 2115 359 2178 igitur
384 2113 476 2162 fide
498 2121 543 2163 et
578 2131 663 2179 spe
703 2113 824 2174 freti,
865 2114 991 2163 bono
1017 2130 1206 2178 semper
1227 2115 1380 2163 animo
1406 2131 1581 2174 sumus,

0 2193 121 2260 ,cum
159 2193 352 2240 sciamus
382 2191 504 2256 quod
531 2191 726 2257 quandiu
755 2195 803 2242 in
826 2191 916 2241 hoc
942 2208 1133 2257 corpore
1158 2207 1405 2254 moramur,
1437 2191 1585 2239 absu-

1 2274 114 2324 'mus
138 2277 164 2322 a
187 2269 410 2322 Domino.

40 2351 261 2415 (Nunc
294 2357 416 2419 enim
460 2357 507 2404 in
534 2356 609 2404 via
645 2373 828 2416 sumus,
863 2357 911 2405 in
942 2355 1036 2405 fide
1076 2373 1337 2414 versamur;
1376 2354 1597 2422 nondum¹

13 2434 243 2498 propriam
283 2428 372 2481 Dei
399 2432 778 2498 pulchritudinem
819 2435 1061 2483 intuemur.
1083 2432 1105 2494 )

0 2539 2 2542 ·
69 2517 350 2589 Audemus,
376 2529 590 2595 inquam,
622 2538 669 2580 et
688 2531 814 2580 bono
837 2530 1044 2580 ducimus
1070 2532 1220 2596 potius
1239 2532 1401 2581 abesse
1430 2532 1456 2580 a
1479 2547 1582 2580 cor-

0 2617 155 2669 pore,
187 2611 230 2654 et
257 2604 418 2654 adesse
442 2602 673 2670 Domino,
694 2610 947 2673 ipsumque
985 2609 1169 2658 intueri.

77 2786 142 2840 Et
168 2791 274 2842 ideo
315 2796 441 2844 omni
481 2795 631 2846 studio
653 2798 891 2858 enitimur,
923 2804 972 2846 ut
998 2799 1096 2849 sive
1128 2817 1277 2859 nunc,
1306 2801 1406 2850 sive
1443 2806 1557 2848 tunc

0 2861 218 2938 ¹Domino
240 2866 516 2936 placeamus,
538 2874 710 2922 sincere
732 2873 848 2924 illius
870 2871 1155 2926 voluntatem
1179 2882 1506 2942 exsequentes·
