1794 3210
389 83 610 122 'rumex
643 78 945 120 musmo.
983 64 1102 132 Gap.-
1139 64 1237 115 IV.
1495 64 1611 128 4237-

98 159 268 213 Discat
275 160 421 227 quod
432 174 556 211 cum
571 158 805 218 subditis,
827 157 953 222 quasi
976 171 1079 206 cum
1102 155 1271 220 pueriS,
1311 151 1451 203 debet
1484 165 1604 218 puer·

22 237 132 291 ‚fieri
144 245 190 288 et
210 254 553 303 repuerascere3
572 243 620 285 ut
641 251 741 284 sese
758 233 937 282 illorum
952 228 1305 316 accommodans
1319 228 1586 327 infirmitati,

17 315 169 365 illam
168 315 456 364 corroboret.

4 410 7 414 ·
106 389 262 440 Discat
287 409 344 456 qu
331 390 408 440 od
433 389 607 439 debet·
595 404 644 436 m
680 401 840 435 omnes
875 383 1061 434 affectus
1095 399 1198 432 sese
1218 400 1401 433 versare
1422 422 1435 445 ‚
1467 404 1592 439 nunc

32 480 176 528 orare,
197 482 318 515 nunc
342 465 676 530 ploraresnunc
696 476 897 525 arguere,
917 476 1039 509 nunc
1055 475 1260 524 gemere,
1280 467 1328 509 ut
1345 460 1461 511 filios
1483 479 1591 514 suos

30 553 315 608 promoveat,
338 556 509 606 eosque
532 536 718 589 Christo
741 538 935 588 lucretur
951 554 1004 587 ac
1030 537 1257 603 perficiat..

79 619 183 672 -Ab
205 620 371 672 eodem
387 617 604 684 exemplo
623 617 766 666 discat
792 618 1086 676 concionator,
1102 624 1146 667 et
1168 619 1318 667 omnis
1337 622 1591 671 animarum

29 696 500 763 satasiswoperator,
536 698 752 762 quantum
778 697 837 745 sit
858 712 945 760 pro
977 710 1132 745 earum
1154 695 1297 746 salute
1326 700 1590 764 patiendum

29 781 74 823 et
89 774 401 824 laborandum.

93 849 237 902 Beata
260 850 402 917 Virgo
423 848 657 901 Christum
693 849 986 915 corporaliter
1005 852 1174 915 genuit,
1207 858 1253 900 at
1273 852 1373 901 sine
1395 851 1552 903 dolore
1567 872 1598 913 3.

26 933 340 995 concionator,
358 931 601 995 omnisque
618 928 856 995 spiritualis
881 924 1049 978 Christi
1070 946 1308 994 puerpera,
1327 948 1430 982 cum
1452 949 1587 998 mag-

4 1024 89 1059 ἶιιο
118 1007 275 1057 dolore
297 1017 341 1058 et
377 1008 532 1056 labore
565 1005 702 1054 debet
738 1007 955 1071 parturire
981 1013 1028 1054 et
1053 1007 1138 1054 niti
1172 1013 1221 1054 ut
1245 1002 1477 1059 Christum
1494 1047 1506 1071 ‚
1535 1012 1584 1061 id

27 1091 113 1142 est,
150 1081 321 1134 Christi
354 1082 494 1132 fidem
523 1089 569 1131 et
597 1082 805 1145 spiritum
837 1079 1005 1130 formet
1025 1083 1074 1130 in
1099 1077 1363 1132 Christianis
1394 1085 1579 1136 audito-v

24 1162 148 1210 ribus
183 1163 294 1210 suisa
328 1201 344 1212 .
453 1212 465 1221 ,
756 1198 758 1200 v

91 1231 169 1290 Ad
200 1232 462 1298 exemplum
486 1228 723 1297 Apostoli,
758 1248 996 1282 sermones
1023 1250 1128 1283 suos
1151 1235 1431 1288 audientium
1459 1256 1578 1290 con—

25 1309 275 1366 ditionibus
297 1310 737 1376 etdispositionibus
757 1309 1090 1360 accommodet.

13 1446 17 1449 ,
92 1388 170 1446 Ex
194 1391 406 1453 charitate
425 1391 629 1455 loquatur
646 1405 829 1454 semper
845 1427 860 1454 ,
887 1398 935 1439 ut
955 1398 1170 1456 tanquam
1186 1400 1331 1443 mater
1349 1390 1583 1448 Christum

22 1475 69 1523 in
93 1474 349 1523 auditorum
369 1472 604 1521 animabus
628 1472 786 1538 pariat.

89 1548 143 1605 7?-
171 1571 228 1601 21
242 1591 252 1601 .
276 1552 430 1600 Dicite
451 1550 633 1598 mihil...
654 1551 795 1612 Iegem
818 1567 911 1598 non
932 1550 1143 1614 legistis?
1169 1546 1251 1601 Gr.
1267 1570 1361 1602 non
1378 1551 1577 1606 audistis.

21 1625 161 1695 Syrus
182 1627 328 1691 legem
350 1628 496 1691 ipsam
522 1640 625 1674 non.
642 1623 820 1674 auditis·

91 1701 412 1754 Postatfectus
437 1708 665 1750 maternos
681 1738 713 1763 „
737 1703 900 1767 quibus
926 1701 1106 1751 illorum
1134 1704 1270 1754 corda
1295 1712 1572 1770 commovit,

19 1799 170 1833 rursus
193 1781 250 1833 ad
273 1789 537 1845 argumenta
557 1781 768 1841 recurrit,
808 1781 971 1844 quibus
999 1781 1176 1834 illorum
1195 1794 1348 1850 urgeat
1369 1788 1578 1839 intellec-

18 1869 133 1913 tum.
397 1903 409 1910 ,

88 1939 230 2004 Igitur
252 1953 310 1987 ex
338 1937 435 2001 ipsa
456 1935 583 2001 lege,
620 1943 778 1986 contra
797 1935 908 2001 legis
935 1945 1180 1990 sectatores
1209 1952 1577 2007 argumentatur·

20 2019 172 2084 legem
198 2022 331 2064 vocat
352 2032 380 2060 v
387 2022 484 2063 etus
508 2020 845 2066 testamentum.

88 2098 267 2159 Legem
289 2106 383 2143 non
418 2092 638 2141 auditis?
658 2095 783 2158 quasi
820 2091 1021 2143 diceret.
1055 2061 1106 2145 Si
1136 2113 1213 2147 me
1240 2113 1339 2148 non
1374 2100 1573 2168 auditis,

15 2177 175 2240 ipsam
171 2174 352 2236 legem,
383 2185 520 2235 quam
537 2171 745 2232 ambitis,
767 2170 937 2222 audite.
994 2186 997 2188 ·

88 2247 144 2305 fi.
174 2271 254 2301 22.
273 2246 510 2314 Scriptum
534 2259 602 2299 est
623 2253 767 2299 enim.
798 2247 971 2299 Genes.
1002 2249 1078 2302 16.
1100 2244 1155 2303 JV,
1184 2252 1244 2302 15
1268 2263 1312 2305 et
1334 2276 1413 2309 21.
1434 2255 1490 2312 Ῠ.
1513 2279 1576 2312 2:-

23 2329 261 2396 Quom'am
285 2327 538 2377 Abraham
559 2328 672 2377 duos
680 2326 820 2393 filtos
840 2327 1032 2389 habuit,
1059 2326 1304 2417 Ismaelem
1331 2334 1390 2384 de
1413 2334 1540 2403 Agar
1553 2375 1577 2403 ,

14 2416 63 2459 et
82 2405 208 2459 Isaac
230 2408 288 2457 de
311 2404 436 2456 Sara.
1388 2437 1391 2450 ,

83 2482 199 2535 Sex
205 2482 277 2532 alii
295 2481 391 2532 fill-i
396 2488 565 2546 postea
571 2481 666 2531 nati
689 2489 803 2532 sunt
811 2481 871 2533 de
888 2478 1116 2547 Cethura,
1144 2486 1230 2538 sed
1255 2489 1313 2538 ad
1334 2498 1571 2554 praesentis

16 2564 84 2613 rei
103 2562 379 2629 mysterium
395 2576 488 2608 non
515 2561 774 2626 pertinent:
782 2568 845 2610 et
863 2563 973 2611 cum
986 2561 1094 2613 haec
1109 2576 1316 2629 ageretur
1336 2570 1564 2638 allegoria,

15 2639 224 2692 nondum
237 2645 364 2689 erant
382 2638 491 2688 nati.

86 2717 154 2784 Ῡ.
189 2716 272 2768 23.
308 2710 406 2764 Sed
437 2715 516 2781 qui
551 2715 607 2764 de
637 2717 842 2776 ancilla,
870 2718 1121 2770 secundum
1143 2739 1334 2776 carnem
1347 2760 1377 2790 ,
1397 2727 1448 2781 id
1469 2739 1568 2800 est,
1561 2743 1574 2757 '

15 2796 513 2852 εεωιιᾶὺωιιιὲιῒιιιεὶεε
531 2797 702 2859 murus,
716 2806 814 2847 seu
830 2804 1001 2849 naturae
1020 2801 1161 2854 vires.

24 2872 383 2945 Quiimaem
386 2876 455 2926 de
452 2868 606 2927 laem
613 2882 648 2940 3
663 2894 747 2970 pst·
761 2879 1185 2942 repmmt’sswnem,
1213 2884 1386 2954 idest,
1404 2895 1568 2950 virtute
