1690 3230
0 0 24 133 l
62 143 65 148 ,

352 150 359 153 χ
435 115 659 154 mmmm
684 114 978 154 Expost'tm.
1013 99 1133 166 Cap,
1164 96 1261 151 IV.
1385 141 1392 146 .
1518 144 1523 146 .
1572 111 1644 166 77

4 223 18 237 ,
56 173 242 258 ponitur
263 189 508 241 sinceritati
531 206 584 238 ac
605 189 784 255 puritati
803 187 939 253 ,qua
963 188 1159 238 verbum
1197 185 1289 237 Dei
1319 184 1459 236 debet
1480 183 1635 236 admi-

0 303 3 318 2
54 269 254 324 nistrari.
282 265 407 318 Vide
429 267 494 317 ibi
516 265 650 316 dicta.

125 348 223 397 Sed
241 349 289 396 1‘n
316 344 700 410 naeonfislah'one
724 344 986 394 veritatis...
1002 342 1050 392 id
1079 351 1178 406 est,

131 423 228 476 Sed
248 424 368 475 nuda
389 432 433 474 et
460 421 632 488 aperta,
655 431 751 472 tum
773 425 884 471 vitae
909 429 1075 471 nostrae
1091 458 1104 482 ,
1135 430 1232 471 tum
1255 421 1478 472 doctrinae
1497 422 1634 470 veri-

62 510 184 562 tate,
213 517 298 550 nos
329 498 450 565 apud
491 497 704 547 homines
744 503 900 558 recte,
945 505 989 547 et
1015 498 1269 551 secundum
1305 500 1639 548 conscientiam

60 568 344 647 judicantes,
369 577 717 628 commendatos
733 585 779 628 et
799 576 932 626 laude
953 576 1118 641 dignos
1140 577 1363 637 efficimus
1381 615 1395 642 ,
1417 585 1462 628 et
1482 593 1640 627 coram

61 660 168 714 Deo
193 661 346 711 omnia
364 659 527 709 vident
541 677 590 709 e.

433 798 684 834 Nonum
715 798 782 833 AD
816 798 1286 835 m'remeEmuM.

137 911 220 965 Ad
255 912 511 978 pleniorem
539 908 704 958 horum
734 927 948 959 versuum
970 947 983 972 ‚
1011 912 1103 958 imo
1136 917 1179 959 et
1208 909 1264 958 ad
1288 910 1428 958 'totius
1449 905 1544 956 sere
1565 922 1651 956 ca-

67 998 175 1061 pitis
193 995 326 1056 hujus
351 991 695 1053 intelligentiam
715 1027 726 1046 ‚
752 989 995 1038 recordare
1024 990 1148 1053 quod
1181 989 1286 1051 hic,
1324 998 1372 1038 ut
1401 992 1490 1052 jam
1513 988 1609 1037 dixi
1626 1023 1643 1046 ,

62 1073 158 1134 duo
192 1070 326 1120 simul
363 1076 464 1134 agat
496 1066 774 1134 Apostolus,
818 1068 990 1117 scilicet
1027 1066 1312 1117 adversarios
1352 1086 1460 1139 suos
1506 1072 1644 1118 tacite

65 1151 354 1218 perstringit,
391 1155 436 1198 et
469 1165 520 1198 se
559 1164 756 1213 suosque
799 1147 1022 1212 collegas,
1071 1155 1228 1196 contra
1271 1145 1641 1197 adversariorum

59 1242 252 1278 suorum
277 1224 523 1274 calumnias
545 1224 774 1286 justificat.
878 1283 881 1285 ¹
1574 1241 1576 1249 ⁴

76 1365 79 1366 ⁷
134 1302 347 1371 Intellige
372 1321 480 1368 ergo
504 1305 630 1368 quasi
653 1302 855 1352 diceret:

11 1377 15 1380 ⁴
82 1434 87 1444 ,
130 1379 516 1446 'Pseudoapostoli
536 1419 551 1443 ‚
576 1383 678 1445 quia
704 1384 730 1428 a
759 1378 863 1429 Deo
892 1396 988 1428 non
1008 1388 1112 1430 sunt
1137 1383 1185 1430 in
1213 1382 1518 1431 ministerium
1544 1397 1647 1433 vo-.

5 1766 25 1778 Q

69 1466 157 1514 cati
177 1499 190 1524 ,
217 1463 302 1513 sed
326 1471 492 1528 sponte
519 1464 709 1521 intrusi,
740 1470 784 1510 et
805 1464 850 1510 in
877 1478 934 1509 eo
958 1478 1033 1520 se,
1054 1479 1226 1526 suaque
1247 1463 1492 1513 commoda
1515 1478 1650 1528 quae-

69 1549 180 1593 runt
195 1542 219 1602 ‚'
235 1540 341 1590 ideo
363 1543 410 1591 in
431 1539 634 1590 adversis
656 1541 806 1590 statim
829 1539 1061 1588 deficiunt.

141 1614 287 1679 Quasi
308 1618 601 1676 mercenarii,
629 1615 784 1680 lupum
807 1614 968 1663 vident
989 1623 1033 1664 et
1059 1613 1253 1679 fugiunt.

139 1694 244 1748 Nos
274 1693 516 1764 Apostoli,
547 1714 627 1762 per
649 1694 741 1746 Dei
765 1698 999 1760 gratuitam
1031 1696 1314 1745 voluntatem
1344 1696 1529 1755 vocati,
1556 1712 1642 1758 per

67 1774 165 1828 Dei
190 1779 376 1840 gratiam
395 1813 409 1836 ‚
442 1779 491 1826 in
515 1785 674 1826 nostro
702 1792 889 1851 munere
916 1774 1154 1841 fungendo
1178 1793 1274 1825 non
1297 1776 1614 1839 segnescimus
1629 1808 1650 1835 ,

61 1871 158 1903 nec
181 1854 243 1902 ob
266 1854 455 1922 adversa
484 1854 824 1920 qualiacumque
842 1851 1096 1902 deficimus,

140 1929 307 1998 Bonus
324 1929 659 1998 pastor'wflam
689 1930 772 1978 dat
790 1949 875 1994 pro
903 1931 1076 1980 ouibus.

140 2003 543 2070 Pseudoapostoli,
565 2009 811 2074 sanctitatiS
828 2009 1031 2072 speciem
1051 2022 1145 2072 prae
1165 2023 1215 2056 se
1236 2003 1454 2067 ferentes,
1474 2002 1652 2054 occulte

72 2088 234 2150 turpes
250 2088 478 2130 sectantur
501 2081 775 2145 voluptates.

153 2157 276 2222 Qnoe
295 2160 343 2205 in
365 2160 545 2212 occullo
571 2157 696 2217 fiunt
718 2159 774 2206 ab
805 2159 870 2207 eis
887 2194 900 2216 ,
926 2165 1059 2222 turpe
1082 2166 1150 2205 esc
1180 2165 1225 2204 et
1243 2157 1416 2226 dicer-52.

141 2231 247 2284 Nos
282 2231 497 2299 Apostoli
541 2253 727 2285 omnem
743 2272 755 2294 ,
796 2238 948 2285 etiam‘
974 2235 1199 2295 occultam
1221 2271 1233 2292 ,
1274 2236 1506 2297 rejicimus
1548 2232 1660 2284 vitae

7 2336 9 2339 ·
77 2310 428 2374 turpitudinem.
445 2312 600 2371 Nihil,
631 2330 718 2361 nec
739 2311 912 2361 occulte
929 2351 940 2373 ‚
965 2320 1122 2360 nostro
1145 2314 1398 2361 ministerio
1415 2310 1659 2376 indignum

70 2391 291 2453 agimus,
321 2391 403 2440 scd
430 2394 627 2442 vivimus
656 2389 795 2454 digne
826 2388 959 2452 DcO,
986 2394 1110 2455 cujus
1136 2408 1291 2440 sumus
1314 2391 1526 2440 ministri.

151 2463 530 2534 Pseudoaposloli
554 2506 567 2530 ,
595 2478 641 2518 ut
672 2486 722 2518 se
748 2468 866 2533 apud
900 2468 1113 2518 homines
1154 2469 1508 2526 commendent,
1537 2483 1658 2521 ver-

72 2548 178 2592 sule
202 2558 554 2607 conversantur,
579 2549 681 2613 ipso
714 2544 808 2596 Dei
835 2548 982 2596 verbo
1005 2546 1200 2596 subdole
1223 2555 1428 2608 utuntur,
1454 2544 1660 2611 illudque

76 2631 376 2686 corrumpunt
398 2623 454 2672 ad
477 2624 593 2672 fines
615 2641 738 2673 suos.
956 2614 962 2620 ’

143 2694 207 2746 Ut
231 2696 446 2749 homines
466 2701 724 2764 decipiant,
750 2709 794 2750 et
815 2699 973 2749 fucatis
992 2701 1215 2766 operibus
1233 2738 1246 2762 ,
1273 2710 1318 2751 et
1337 2701 1455 2752 falsis
1474 2719 1663 2753 sermo-

69 2773 212 2823 nibus
231 2791 336 2825 sese
354 2778 462 2827 alios
490 2783 622 2844 quam
652 2780 741 2828 sint
766 2779 1084 2829 demonstrant
1107 2797 1117 2826 ε
1142 2783 1417 2846 semetipsos
1444 2790 1490 2832 et
1515 2797 1662 2847 opere

81 2859 130 2900 et
157 2869 389 2907 sermome
415 2860 711 2908 mentiuntur.

145 2925 249 2978 Nos
268 2929 500 3007 Apostoli,
520 2934 633 2986 nihil
657 2951 736 3000 per·
756 2934 1043 3003 hypocrisim
1068 2935 1271 3003 facimus,
1293 2956 1380 2990 nec
1399 2939 1657 3005 loquimur;
