<?xml version="1.0" encoding="UTF-8"?>
<!DOCTYPE html PUBLIC "-//W3C//DTD XHTML 1.0 Transitional//EN"
    "http://www.w3.org/TR/xhtml1/DTD/xhtml1-transitional.dtd">
<html xmlns="http://www.w3.org/1999/xhtml" xml:lang="en" lang="en">
 <head>
  <title>
</title>
<meta http-equiv="Content-Type" content="text/html;charset=utf-8" />
  <meta name='ocr-system' content='tesseract 3.04.00' />
  <meta name='ocr-capabilities' content='ocr_page ocr_carea ocr_par ocr_line ocrx_word'/>
</head>
<body>
  <div class='ocr_page' id='page_1' title='image "./epistolaumbpauli03picq_0304.png"; bbox 0 0 1794 3210; ppageno 0'>
   <div class='ocr_carea' id='block_1_1' title="bbox 130 111 1506 171">
    <p class='ocr_par' dir='ltr' id='par_1_1' title="bbox 130 111 1506 171">
     <span class='ocr_line' id='line_1_1' title="bbox 130 111 1506 171; baseline 0.01 -27"><span class='ocrx_word' id='word_1_1' title='bbox 130 117 228 171; x_wconf 79' lang='lat'><strong>292</strong></span> <span class='ocrx_word' id='word_1_2' title='bbox 415 111 678 150; x_wconf 77' lang='lat' dir='ltr'>SECUNDAE</span> <span class='ocrx_word' id='word_1_3' title='bbox 711 111 971 150; x_wconf 76' lang='lat' dir='ltr'>EPJSTOLAE</span> <span class='ocrx_word' id='word_1_4' title='bbox 1005 114 1076 150; x_wconf 72' lang='lat' dir='ltr'><strong>An</strong></span> <span class='ocrx_word' id='word_1_5' title='bbox 1114 116 1438 161; x_wconf 71' lang='lat' dir='ltr'><strong>conm&#39;rmos</strong></span> <span class='ocrx_word' id='word_1_6' title='bbox 1504 112 1506 114; x_wconf 31' lang='lat'><strong><em>¹</em></strong></span> 
     </span>
    </p>
   </div>
   <div class='ocr_carea' id='block_1_2' title="bbox 137 186 1722 334">
    <p class='ocr_par' dir='ltr' id='par_1_2' title="bbox 137 186 1722 334">
     <span class='ocr_line' id='line_1_2' title="bbox 137 186 1722 265; baseline 0.007 -27"><span class='ocrx_word' id='word_1_7' title='bbox 137 191 328 255; x_wconf 80' lang='lat' dir='ltr'><strong>gratiam</strong></span> <span class='ocrx_word' id='word_1_8' title='bbox 349 205 478 238; x_wconf 87' lang='lat' dir='ltr'><strong>suam</strong></span> <span class='ocrx_word' id='word_1_9' title='bbox 500 195 544 238; x_wconf 89' lang='lat' dir='ltr'><strong>et</strong></span> <span class='ocrx_word' id='word_1_10' title='bbox 571 186 852 238; x_wconf 82' lang='lat' dir='ltr'><strong>charitatem.</strong></span> <span class='ocrx_word' id='word_1_11' title='bbox 895 189 1019 239; x_wconf 75' lang='lat' dir='ltr'><strong>Deus</strong></span> <span class='ocrx_word' id='word_1_12' title='bbox 1052 191 1176 240; x_wconf 72' lang='lat' dir='ltr'><strong>enim</strong></span> <span class='ocrx_word' id='word_1_13' title='bbox 1203 193 1414 244; x_wconf 77' lang='lat' dir='ltr'><em>charitas</em></span> <span class='ocrx_word' id='word_1_14' title='bbox 1436 201 1534 256; x_wconf 71' lang='lat' dir='ltr'><strong>ecl,</strong></span> <span class='ocrx_word' id='word_1_15' title='bbox 1565 199 1722 265; x_wconf 55' lang='lat' dir='ltr'><strong>etqui</strong></span> 
     </span>
     <span class='ocr_line' id='line_1_3' title="bbox 138 254 1686 334; baseline 0.006 -15"><span class='ocrx_word' id='word_1_16' title='bbox 138 277 301 320; x_wconf 80' lang='lat' dir='ltr'><strong>manet</strong></span> <span class='ocrx_word' id='word_1_17' title='bbox 322 269 371 318; x_wconf 85' lang='lat' dir='ltr'><strong>in</strong></span> <span class='ocrx_word' id='word_1_18' title='bbox 397 269 658 330; x_wconf 77' lang='lat' dir='ltr'><em>charitate,</em></span> <span class='ocrx_word' id='word_1_19' title='bbox 690 270 739 318; x_wconf 85' lang='lat' dir='ltr'><strong>in</strong></span> <span class='ocrx_word' id='word_1_20' title='bbox 775 269 872 317; x_wconf 85' lang='lat' dir='ltr'><strong>Deo</strong></span> <span class='ocrx_word' id='word_1_21' title='bbox 904 278 1094 334; x_wconf 84' lang='lat' dir='ltr'><strong>manet,</strong></span> <span class='ocrx_word' id='word_1_22' title='bbox 1118 279 1165 320; x_wconf 85' lang='lat' dir='ltr'><strong>et</strong></span> <span class='ocrx_word' id='word_1_23' title='bbox 1192 272 1324 323; x_wconf 80' lang='lat' dir='ltr'><strong>Deus</strong></span> <span class='ocrx_word' id='word_1_24' title='bbox 1351 276 1402 323; x_wconf 86' lang='lat' dir='ltr'><strong>in</strong></span> <span class='ocrx_word' id='word_1_25' title='bbox 1421 293 1505 327; x_wconf 82' lang='lat' dir='ltr'><strong>eo..</strong></span> <span class='ocrx_word' id='word_1_26' title='bbox 1682 254 1686 257; x_wconf 25' lang='lat'>¹</span> 
     </span>
    </p>
   </div>
   <div class='ocr_carea' id='block_1_3' title="bbox 189 339 1794 421">
    <p class='ocr_par' dir='ltr' id='par_1_3' title="bbox 189 339 1794 421">
     <span class='ocr_line' id='line_1_4' title="bbox 189 339 1794 421; baseline 0.006 -21"><span class='ocrx_word' id='word_1_27' title='bbox 189 339 249 400; x_wconf 64' lang='lat' dir='ltr'><strong>Jff,</strong></span> <span class='ocrx_word' id='word_1_28' title='bbox 277 366 356 399; x_wconf 89' lang='lat'><strong>12.</strong></span> <span class='ocrx_word' id='word_1_29' title='bbox 381 347 596 397; x_wconf 80' lang='lat' dir='ltr'><em>Salutate</em></span> <span class='ocrx_word' id='word_1_30' title='bbox 620 344 816 396; x_wconf 69' lang='lat' dir='ltr'><strong>invicem</strong></span> <span class='ocrx_word' id='word_1_31' title='bbox 840 349 890 396; x_wconf 85' lang='lat' dir='ltr'><strong>in</strong></span> <span class='ocrx_word' id='word_1_32' title='bbox 914 350 1076 398; x_wconf 87' lang='lat' dir='ltr'><strong>osculo</strong></span> <span class='ocrx_word' id='word_1_33' title='bbox 1099 360 1291 415; x_wconf 78' lang='lat' dir='ltr'><strong>sancto,</strong></span> <span class='ocrx_word' id='word_1_34' title='bbox 1319 352 1368 403; x_wconf 91' lang='lat' dir='ltr'><strong>id</strong></span> <span class='ocrx_word' id='word_1_35' title='bbox 1389 361 1488 417; x_wconf 80' lang='lat' dir='ltr'><strong>est,</strong></span> <span class='ocrx_word' id='word_1_36' title='bbox 1515 373 1598 421; x_wconf 88' lang='lat' dir='ltr'><strong>per</strong></span> <span class='ocrx_word' id='word_1_37' title='bbox 1619 372 1708 412; x_wconf 75' lang='lat' dir='ltr'><strong>os·</strong></span> <span class='ocrx_word' id='word_1_38' title='bbox 1792 390 1794 400; x_wconf 85' lang='lat'>=</span> 
     </span>
    </p>
   </div>
   <div class='ocr_carea' id='block_1_4' title="bbox 132 429 1719 651">
    <p class='ocr_par' dir='ltr' id='par_1_4' title="bbox 132 429 1719 651">
     <span class='ocr_line' id='line_1_5' title="bbox 132 429 1627 501; baseline 0.007 -22"><span class='ocrx_word' id='word_1_39' title='bbox 132 429 279 486; x_wconf 79' lang='lat' dir='ltr'><strong>mlum</strong></span> <span class='ocrx_word' id='word_1_40' title='bbox 303 432 424 494; x_wconf 80' lang='lat' dir='ltr'><strong>pacis</strong></span> <span class='ocrx_word' id='word_1_41' title='bbox 450 437 494 480; x_wconf 93' lang='lat' dir='ltr'><strong>et</strong></span> <span class='ocrx_word' id='word_1_42' title='bbox 521 429 778 479; x_wconf 74' lang='lat' dir='ltr'>dilectionis</span> <span class='ocrx_word' id='word_1_43' title='bbox 800 437 968 479; x_wconf 83' lang='lat' dir='ltr'><strong>sanctae</strong></span> <span class='ocrx_word' id='word_1_44' title='bbox 996 439 1040 480; x_wconf 89' lang='lat' dir='ltr'><strong>et</strong></span> <span class='ocrx_word' id='word_1_45' title='bbox 1067 430 1323 483; x_wconf 74' lang='lat' dir='ltr'><strong>christianae</strong></span> <span class='ocrx_word' id='word_1_46' title='bbox 1346 436 1627 501; x_wconf 88' lang='lat' dir='ltr'><strong>symbolum.</strong></span> 
     </span>
     <span class='ocr_line' id='line_1_6' title="bbox 192 505 1719 583; baseline 0.007 -26"><span class='ocrx_word' id='word_1_47' title='bbox 192 505 419 558; x_wconf 82' lang='lat' dir='ltr'><strong>Osculum</strong></span> <span class='ocrx_word' id='word_1_48' title='bbox 449 515 658 557; x_wconf 84' lang='lat' dir='ltr'><strong>sanctum</strong></span> <span class='ocrx_word' id='word_1_49' title='bbox 677 542 692 568; x_wconf 86' lang='lat'><strong>‚</strong></span> <span class='ocrx_word' id='word_1_50' title='bbox 727 506 852 572; x_wconf 91' lang='lat' dir='ltr'><strong>quod</strong></span> <span class='ocrx_word' id='word_1_51' title='bbox 879 509 904 555; x_wconf 74' lang='grc' dir='ltr'>ὲ</span> <span class='ocrx_word' id='word_1_52' title='bbox 928 506 1144 559; x_wconf 82' lang='lat' dir='ltr'><strong>charitate</strong></span> <span class='ocrx_word' id='word_1_53' title='bbox 1174 515 1283 561; x_wconf 80' lang='lat' dir='ltr'><strong>vere</strong></span> <span class='ocrx_word' id='word_1_54' title='bbox 1309 513 1544 578; x_wconf 81' lang='lat' dir='ltr'><strong>procedit,</strong></span> <span class='ocrx_word' id='word_1_55' title='bbox 1573 515 1719 583; x_wconf 85' lang='lat' dir='ltr'><strong>quod·</strong></span> 
     </span>
     <span class='ocr_line' id='line_1_7' title="bbox 133 584 1427 651; baseline 0.006 -17"><span class='ocrx_word' id='word_1_56' title='bbox 133 602 223 651; x_wconf 88' lang='lat' dir='ltr'><strong>que</strong></span> <span class='ocrx_word' id='word_1_57' title='bbox 247 587 421 646; x_wconf 86' lang='lat' dir='ltr'><strong>sancti,</strong></span> <span class='ocrx_word' id='word_1_58' title='bbox 458 602 553 634; x_wconf 91' lang='lat' dir='ltr'><strong>non</strong></span> <span class='ocrx_word' id='word_1_59' title='bbox 584 584 702 645; x_wconf 82' lang='lat' dir='ltr'><strong>ficti,</strong></span> <span class='ocrx_word' id='word_1_60' title='bbox 731 591 806 633; x_wconf 89' lang='lat' dir='ltr'><strong>aut</strong></span> <span class='ocrx_word' id='word_1_61' title='bbox 834 586 978 649; x_wconf 89' lang='lat' dir='ltr'><strong>turpis</strong></span> <span class='ocrx_word' id='word_1_62' title='bbox 1000 587 1166 636; x_wconf 85' lang='lat' dir='ltr'><strong>amoris</strong></span> <span class='ocrx_word' id='word_1_63' title='bbox 1189 590 1245 638; x_wconf 89' lang='lat' dir='ltr'><strong>sit</strong></span> <span class='ocrx_word' id='word_1_64' title='bbox 1267 590 1427 642; x_wconf 87' lang='lat' dir='ltr'><strong>index.</strong></span> 
     </span>
    </p>
   </div>
   <div class='ocr_carea' id='block_1_5' title="bbox 197 658 1763 730">
    <p class='ocr_par' dir='ltr' id='par_1_5' title="bbox 197 658 1763 730">
     <span class='ocr_line' id='line_1_8' title="bbox 197 658 1763 730; baseline -0.001 -19"><span class='ocrx_word' id='word_1_65' title='bbox 197 659 454 727; x_wconf 87' lang='lat' dir='ltr'><strong>Templum</strong></span> <span class='ocrx_word' id='word_1_66' title='bbox 479 658 571 711; x_wconf 90' lang='lat' dir='ltr'><strong>Dei</strong></span> <span class='ocrx_word' id='word_1_67' title='bbox 595 678 750 710; x_wconf 89' lang='lat' dir='ltr'><strong>sumus</strong></span> <span class='ocrx_word' id='word_1_68' title='bbox 779 679 791 708; x_wconf 72' lang='grc' dir='ltr'>ε</span> <span class='ocrx_word' id='word_1_69' title='bbox 821 658 957 723; x_wconf 85' lang='lat' dir='ltr'><strong>hujus</strong></span> <span class='ocrx_word' id='word_1_70' title='bbox 984 668 1136 715; x_wconf 76' lang='lat' dir='ltr'><strong>autem</strong></span> <span class='ocrx_word' id='word_1_71' title='bbox 1159 666 1324 730; x_wconf 90' lang='lat' dir='ltr'><strong>templi</strong></span> <span class='ocrx_word' id='word_1_72' title='bbox 1345 668 1623 729; x_wconf 74' lang='lat' dir='ltr'><strong>vestibulum</strong></span> <span class='ocrx_word' id='word_1_73' title='bbox 1648 679 1720 721; x_wconf 69' lang='lat' dir='ltr'><strong>est</strong></span> <span class='ocrx_word' id='word_1_74' title='bbox 1758 700 1763 710; x_wconf 69' lang='grc'>,</span> 
     </span>
    </p>
   </div>
   <div class='ocr_carea' id='block_1_6' title="bbox 93 733 1722 1194">
    <p class='ocr_par' dir='ltr' id='par_1_6' title="bbox 93 733 1722 1194">
     <span class='ocr_line' id='line_1_9' title="bbox 127 733 1711 808; baseline 0.004 -19"><span class='ocrx_word' id='word_1_75' title='bbox 127 756 210 798; x_wconf 90' lang='lat' dir='ltr'><strong>os;</strong></span> <span class='ocrx_word' id='word_1_76' title='bbox 239 755 321 804; x_wconf 87' lang='lat' dir='ltr'><strong>per</strong></span> <span class='ocrx_word' id='word_1_77' title='bbox 348 737 440 789; x_wconf 92' lang='lat' dir='ltr'><strong>hoc</strong></span> <span class='ocrx_word' id='word_1_78' title='bbox 462 737 739 788; x_wconf 89' lang='lat' dir='ltr'><strong>vestibulum</strong></span> <span class='ocrx_word' id='word_1_79' title='bbox 761 738 1019 803; x_wconf 78' lang='lat' dir='ltr'>ingreditur</span> <span class='ocrx_word' id='word_1_80' title='bbox 1046 733 1265 791; x_wconf 87' lang='lat' dir='ltr'><strong>Christus</strong></span> <span class='ocrx_word' id='word_1_81' title='bbox 1292 744 1476 808; x_wconf 83' lang='lat' dir='ltr'><strong>quando</strong></span> <span class='ocrx_word' id='word_1_82' title='bbox 1500 762 1711 801; x_wconf 89' lang='lat' dir='ltr'><strong>commu-</strong></span> 
     </span>
     <span class='ocr_line' id='line_1_10' title="bbox 127 813 1716 885; baseline 0.004 -21"><span class='ocrx_word' id='word_1_83' title='bbox 127 815 332 865; x_wconf 86' lang='lat' dir='ltr'><strong>nicamus</strong></span> <span class='ocrx_word' id='word_1_84' title='bbox 356 835 367 864; x_wconf 75' lang='grc' dir='ltr'><strong><em>ε</em></strong></span> <span class='ocrx_word' id='word_1_85' title='bbox 391 813 502 864; x_wconf 89' lang='lat' dir='ltr'><strong>hinc</strong></span> <span class='ocrx_word' id='word_1_86' title='bbox 535 831 587 863; x_wconf 91' lang='lat' dir='ltr'><strong>os</strong></span> <span class='ocrx_word' id='word_1_87' title='bbox 604 850 617 873; x_wconf 90' lang='lat'>‚</span> <span class='ocrx_word' id='word_1_88' title='bbox 655 816 782 878; x_wconf 84' lang='lat' dir='ltr'>quasi</span> <span class='ocrx_word' id='word_1_89' title='bbox 817 813 976 879; x_wconf 88' lang='lat' dir='ltr'><strong>templi</strong></span> <span class='ocrx_word' id='word_1_90' title='bbox 1015 815 1323 879; x_wconf 82' lang='lat' dir='ltr'><strong>vestibulum,</strong></span> <span class='ocrx_word' id='word_1_91' title='bbox 1346 817 1626 885; x_wconf 81' lang='lat' dir='ltr'><strong>osculamur,</strong></span> <span class='ocrx_word' id='word_1_92' title='bbox 1651 822 1716 879; x_wconf 78' lang='lat' dir='ltr'><strong>ait</strong></span> 
     </span>
     <span class='ocr_line' id='line_1_11' title="bbox 125 885 1179 959; baseline 0 -16"><span class='ocrx_word' id='word_1_93' title='bbox 125 885 516 959; x_wconf 78' lang='lat' dir='ltr'><strong>,Theophylactus</strong></span> <span class='ocrx_word' id='word_1_94' title='bbox 540 899 643 959; x_wconf 87' lang='lat' dir='ltr'><strong>post</strong></span> <span class='ocrx_word' id='word_1_95' title='bbox 668 888 731 942; x_wconf 91' lang='lat' dir='ltr'><strong>D.</strong></span> <span class='ocrx_word' id='word_1_96' title='bbox 759 887 985 958; x_wconf 88' lang='lat' dir='ltr'><strong>Chrysost</strong></span> <span class='ocrx_word' id='word_1_97' title='bbox 1003 909 1179 944; x_wconf 88' lang='lat' dir='ltr'><strong>omum.</strong></span> 
     </span>
     <span class='ocr_line' id='line_1_12' title="bbox 93 967 1722 1040; baseline 0.002 -20"><span class='ocrx_word' id='word_1_98' title='bbox 93 977 97 979; x_wconf 82' lang='grc'><strong>’</strong></span> <span class='ocrx_word' id='word_1_99' title='bbox 196 971 420 1020; x_wconf 82' lang='lat' dir='ltr'><strong>Salutant</strong></span> <span class='ocrx_word' id='word_1_100' title='bbox 447 990 531 1023; x_wconf 67' lang='lat' dir='ltr'><strong>vos</strong></span> <span class='ocrx_word' id='word_1_101' title='bbox 566 988 726 1018; x_wconf 86' lang='lat' dir='ltr'><strong>omnes</strong></span> <span class='ocrx_word' id='word_1_102' title='bbox 761 969 945 1029; x_wconf 78' lang='lat' dir='ltr'><strong>sancti,</strong></span> <span class='ocrx_word' id='word_1_103' title='bbox 982 970 1031 1019; x_wconf 89' lang='lat' dir='ltr'><strong>id</strong></span> <span class='ocrx_word' id='word_1_104' title='bbox 1083 978 1184 1034; x_wconf 89' lang='lat' dir='ltr'><strong>est,</strong></span> <span class='ocrx_word' id='word_1_105' title='bbox 1221 967 1504 1036; x_wconf 80' lang='lat' dir='ltr'><strong>Christiani,</strong></span> <span class='ocrx_word' id='word_1_106' title='bbox 1536 973 1611 1040; x_wconf 91' lang='lat' dir='ltr'><strong>qui</strong></span> <span class='ocrx_word' id='word_1_107' title='bbox 1642 972 1722 1024; x_wconf 77' lang='lat' dir='ltr'><strong>hle</strong></span> 
     </span>
     <span class='ocr_line' id='line_1_13' title="bbox 129 1044 1118 1114; baseline -0.005 -10"><span class='ocrx_word' id='word_1_108' title='bbox 129 1071 314 1104; x_wconf 90' lang='lat' dir='ltr'><strong>mecum</strong></span> <span class='ocrx_word' id='word_1_109' title='bbox 339 1061 469 1114; x_wconf 87' lang='lat' dir='ltr'><strong>sunt,</strong></span> <span class='ocrx_word' id='word_1_110' title='bbox 500 1048 729 1114; x_wconf 79' lang='lat' dir='ltr'><strong>Philippis</strong></span> <span class='ocrx_word' id='word_1_111' title='bbox 752 1052 800 1098; x_wconf 90' lang='lat' dir='ltr'><strong>in</strong></span> <span class='ocrx_word' id='word_1_112' title='bbox 822 1044 1118 1099; x_wconf 85' lang='lat' dir='ltr'><strong>Macedonia.</strong></span> 
     </span>
     <span class='ocr_line' id='line_1_14' title="bbox 199 1116 1720 1194; baseline -0.002 -13"><span class='ocrx_word' id='word_1_113' title='bbox 199 1129 270 1181; x_wconf 86' lang='lat' dir='ltr'><strong>Ita</strong></span> <span class='ocrx_word' id='word_1_114' title='bbox 312 1127 475 1181; x_wconf 86' lang='lat' dir='ltr'><strong>Graeca</strong></span> <span class='ocrx_word' id='word_1_115' title='bbox 510 1126 815 1192; x_wconf 81' lang='lat' dir='ltr'><strong>exemplaria,</strong></span> <span class='ocrx_word' id='word_1_116' title='bbox 857 1136 903 1176; x_wconf 80' lang='lat' dir='ltr'><strong>et</strong></span> <span class='ocrx_word' id='word_1_117' title='bbox 933 1129 1086 1177; x_wconf 86' lang='lat' dir='ltr'><strong>versio</strong></span> <span class='ocrx_word' id='word_1_118' title='bbox 1119 1124 1337 1194; x_wconf 86' lang='lat' dir='ltr'><strong>Syriaca,</strong></span> <span class='ocrx_word' id='word_1_119' title='bbox 1373 1129 1423 1178; x_wconf 90' lang='lat' dir='ltr'><strong>in</strong></span> <span class='ocrx_word' id='word_1_120' title='bbox 1452 1128 1546 1178; x_wconf 86' lang='lat' dir='ltr'><strong>fine</strong></span> <span class='ocrx_word' id='word_1_121' title='bbox 1581 1116 1720 1193; x_wconf 82' lang='lat' dir='ltr'><strong>hujus</strong></span> 
     </span>
    </p>
   </div>
   <div class='ocr_carea' id='block_1_7' title="bbox 133 1207 1717 1351">
    <p class='ocr_par' dir='ltr' id='par_1_7' title="bbox 133 1207 1717 1351">
     <span class='ocr_line' id='line_1_15' title="bbox 133 1207 355 1260; baseline -0.009 0"><span class='ocrx_word' id='word_1_122' title='bbox 133 1227 159 1260; x_wconf 89' lang='lat' dir='ltr'><strong>e</strong></span> <span class='ocrx_word' id='word_1_123' title='bbox 195 1207 355 1258; x_wconf 86' lang='lat' dir='ltr'><strong>istolae.</strong></span> 
     </span>
     <span class='ocr_line' id='line_1_16' title="bbox 162 1226 1717 1351; baseline -0.001 -12"><span class='ocrx_word' id='word_1_124' title='bbox 162 1226 271 1350; x_wconf 53' lang='lat' dir='ltr'><strong>pff.</strong></span> <span class='ocrx_word' id='word_1_125' title='bbox 300 1287 379 1337; x_wconf 84' lang='lat'><strong>13.</strong></span> <span class='ocrx_word' id='word_1_126' title='bbox 407 1286 576 1335; x_wconf 82' lang='lat' dir='ltr'><em>Gratia</em></span> <span class='ocrx_word' id='word_1_127' title='bbox 601 1284 863 1333; x_wconf 49' lang='lat' dir='ltr'><strong>Domum...</strong></span> <span class='ocrx_word' id='word_1_128' title='bbox 890 1281 1129 1333; x_wconf 70' lang='lat' dir='ltr'><strong>Trinitatis</strong></span> <span class='ocrx_word' id='word_1_129' title='bbox 1156 1283 1234 1333; x_wconf 79' lang='lat' dir='ltr'><strong>hic</strong></span> <span class='ocrx_word' id='word_1_130' title='bbox 1256 1284 1518 1350; x_wconf 87' lang='lat' dir='ltr'><strong>complexio</strong></span> <span class='ocrx_word' id='word_1_131' title='bbox 1539 1293 1638 1351; x_wconf 88' lang='lat' dir='ltr'><strong>est,</strong></span> <span class='ocrx_word' id='word_1_132' title='bbox 1656 1295 1717 1349; x_wconf 18' lang='lat' dir='ltr'><strong>*et</strong></span> 
     </span>
    </p>
   </div>
   <div class='ocr_carea' id='block_1_8' title="bbox 134 1358 1721 1511">
    <p class='ocr_par' dir='ltr' id='par_1_8' title="bbox 134 1358 1721 1511">
     <span class='ocr_line' id='line_1_17' title="bbox 134 1358 1719 1432; baseline -0.001 -14"><span class='ocrx_word' id='word_1_133' title='bbox 134 1369 286 1418; x_wconf 85' lang='lat' dir='ltr'><strong>unitas</strong></span> <span class='ocrx_word' id='word_1_134' title='bbox 321 1368 583 1431; x_wconf 83' lang='lat' dir='ltr'><strong>potestatiS,</strong></span> <span class='ocrx_word' id='word_1_135' title='bbox 627 1381 727 1429; x_wconf 82' lang='lat' dir='ltr'><strong>quae</strong></span> <span class='ocrx_word' id='word_1_136' title='bbox 771 1363 908 1411; x_wconf 87' lang='lat' dir='ltr'><strong>totius</strong></span> <span class='ocrx_word' id='word_1_137' title='bbox 943 1361 1097 1411; x_wconf 80' lang='lat' dir='ltr'><strong>salutis</strong></span> <span class='ocrx_word' id='word_1_138' title='bbox 1117 1358 1359 1427; x_wconf 69' lang='lat' dir='ltr'><strong>&#39;perfectio</strong></span> <span class='ocrx_word' id='word_1_139' title='bbox 1394 1371 1470 1413; x_wconf 66' lang='lat' dir='ltr'><strong>est*</strong></span> <span class='ocrx_word' id='word_1_140' title='bbox 1496 1382 1508 1412; x_wconf 89' lang='lat'>:</span> <span class='ocrx_word' id='word_1_141' title='bbox 1535 1362 1719 1432; x_wconf 80' lang='lat' dir='ltr'><strong>dilectio</strong></span> 
     </span>
     <span class='ocr_line' id='line_1_18' title="bbox 135 1439 1721 1511; baseline -0.002 -12"><span class='ocrx_word' id='word_1_142' title='bbox 135 1451 261 1501; x_wconf 88' lang='lat' dir='ltr'><strong>enim</strong></span> <span class='ocrx_word' id='word_1_143' title='bbox 285 1445 383 1497; x_wconf 91' lang='lat' dir='ltr'><strong>Dei</strong></span> <span class='ocrx_word' id='word_1_144' title='bbox 406 1447 527 1495; x_wconf 83' lang='lat' dir='ltr'><strong>misit</strong></span> <span class='ocrx_word' id='word_1_145' title='bbox 553 1445 687 1493; x_wconf 88' lang='lat' dir='ltr'><strong>nobis</strong></span> <span class='ocrx_word' id='word_1_146' title='bbox 710 1443 983 1493; x_wconf 84' lang='lat' dir='ltr'><strong>salvatorem</strong></span> <span class='ocrx_word' id='word_1_147' title='bbox 1011 1439 1044 1491; x_wconf 91' lang='lat' dir='ltr'>J</span> <span class='ocrx_word' id='word_1_148' title='bbox 1049 1461 1178 1493; x_wconf 89' lang='lat' dir='ltr'><strong>esum</strong></span> <span class='ocrx_word' id='word_1_149' title='bbox 1198 1481 1210 1505; x_wconf 86' lang='lat'>‚</span> <span class='ocrx_word' id='word_1_150' title='bbox 1243 1446 1369 1508; x_wconf 85' lang='lat' dir='ltr'><strong>cujus</strong></span> <span class='ocrx_word' id='word_1_151' title='bbox 1395 1442 1536 1511; x_wconf 60' lang='lat' dir='ltr'><strong>gratia</strong></span> <span class='ocrx_word' id='word_1_152' title='bbox 1559 1445 1721 1510; x_wconf 74' lang='lat' dir='ltr'><strong>salyati</strong></span> 
     </span>
    </p>
   </div>
   <div class='ocr_carea' id='block_1_9' title="bbox 132 1516 1794 1590">
    <p class='ocr_par' dir='ltr' id='par_1_9' title="bbox 132 1516 1794 1590">
     <span class='ocr_line' id='line_1_19' title="bbox 132 1516 1794 1590; baseline -0.001 -12"><span class='ocrx_word' id='word_1_153' title='bbox 132 1544 321 1585; x_wconf 84' lang='lat' dir='ltr'><strong>sumus3</strong></span> <span class='ocrx_word' id='word_1_154' title='bbox 348 1533 399 1575; x_wconf 88' lang='lat' dir='ltr'><strong>ut</strong></span> <span class='ocrx_word' id='word_1_155' title='bbox 428 1523 747 1590; x_wconf 80' lang='lat' dir='ltr'><strong>possideamus</strong></span> <span class='ocrx_word' id='word_1_156' title='bbox 779 1520 900 1572; x_wconf 89' lang='lat' dir='ltr'><strong>hanc</strong></span> <span class='ocrx_word' id='word_1_157' title='bbox 935 1524 1124 1586; x_wconf 73' lang='lat' dir='ltr'><strong>gratiam</strong></span> <span class='ocrx_word' id='word_1_158' title='bbox 1148 1522 1302 1573; x_wconf 88' lang='lat' dir='ltr'><strong>salutis</strong></span> <span class='ocrx_word' id='word_1_159' title='bbox 1320 1559 1335 1585; x_wconf 91' lang='lat'>‚</span> <span class='ocrx_word' id='word_1_160' title='bbox 1362 1525 1720 1589; x_wconf 75' lang='lat' dir='ltr'><strong>communicatio</strong></span> <span class='ocrx_word' id='word_1_161' title='bbox 1790 1516 1794 1542; x_wconf 58' lang='lat'><em>³</em></span> 
     </span>
    </p>
   </div>
   <div class='ocr_carea' id='block_1_10' title="bbox 131 1598 1720 1671">
    <p class='ocr_par' dir='ltr' id='par_1_10' title="bbox 131 1598 1720 1671">
     <span class='ocr_line' id='line_1_20' title="bbox 131 1598 1720 1671; baseline -0.002 -15"><span class='ocrx_word' id='word_1_162' title='bbox 131 1605 242 1656; x_wconf 85' lang='lat' dir='ltr'><strong>facit</strong></span> <span class='ocrx_word' id='word_1_163' title='bbox 261 1602 414 1655; x_wconf 81' lang='lat' dir='ltr'><strong>Sancti</strong></span> <span class='ocrx_word' id='word_1_164' title='bbox 434 1600 644 1670; x_wconf 67' lang='lat' dir='ltr'><strong>Spiritus.</strong></span> <span class='ocrx_word' id='word_1_165' title='bbox 657 1598 752 1651; x_wconf 90' lang='lat' dir='ltr'><strong>Hic</strong></span> <span class='ocrx_word' id='word_1_166' title='bbox 768 1602 894 1650; x_wconf 90' lang='lat' dir='ltr'><strong>enim</strong></span> <span class='ocrx_word' id='word_1_167' title='bbox 917 1598 1107 1649; x_wconf 89' lang='lat' dir='ltr'><strong>dilectos</strong></span> <span class='ocrx_word' id='word_1_168' title='bbox 1127 1603 1152 1650; x_wconf 73' lang='grc' dir='ltr'>ὲ</span> <span class='ocrx_word' id='word_1_169' title='bbox 1171 1598 1278 1652; x_wconf 89' lang='lat' dir='ltr'><strong>Deo</strong></span> <span class='ocrx_word' id='word_1_170' title='bbox 1299 1609 1345 1651; x_wconf 90' lang='lat' dir='ltr'><strong>et</strong></span> <span class='ocrx_word' id='word_1_171' title='bbox 1365 1601 1561 1653; x_wconf 85' lang='lat' dir='ltr'><strong>salvatos</strong></span> <span class='ocrx_word' id='word_1_172' title='bbox 1577 1600 1720 1671; x_wconf 61' lang='lat' dir='ltr'><strong>gratia</strong></span> 
     </span>
    </p>
   </div>
   <div class='ocr_carea' id='block_1_11' title="bbox 135 1677 1794 1744">
    <p class='ocr_par' dir='ltr' id='par_1_11' title="bbox 135 1677 1794 1744">
     <span class='ocr_line' id='line_1_21' title="bbox 135 1677 1794 1744; baseline -0.002 -11"><span class='ocrx_word' id='word_1_173' title='bbox 135 1680 308 1734; x_wconf 87' lang='lat' dir='ltr'><strong>Christi</strong></span> <span class='ocrx_word' id='word_1_174' title='bbox 334 1689 482 1731; x_wconf 82' lang='lat' dir='ltr'><strong>tuetur</strong></span> <span class='ocrx_word' id='word_1_175' title='bbox 501 1717 516 1742; x_wconf 85' lang='lat'>‚</span> <span class='ocrx_word' id='word_1_176' title='bbox 541 1687 592 1729; x_wconf 88' lang='lat' dir='ltr'><strong>ut</strong></span> <span class='ocrx_word' id='word_1_177' title='bbox 613 1680 744 1728; x_wconf 83' lang='lat' dir='ltr'><strong>trium</strong></span> <span class='ocrx_word' id='word_1_178' title='bbox 773 1677 1027 1744; x_wconf 81' lang='lat' dir='ltr'><strong>perfectio,</strong></span> <span class='ocrx_word' id='word_1_179' title='bbox 1056 1681 1390 1730; x_wconf 86' lang='lat' dir='ltr'><strong>consummatio</strong></span> <span class='ocrx_word' id='word_1_180' title='bbox 1424 1680 1483 1730; x_wconf 85' lang='lat' dir='ltr'><strong>s&#39;it</strong></span> <span class='ocrx_word' id='word_1_181' title='bbox 1510 1677 1720 1732; x_wconf 80' lang='lat' dir='ltr'><strong>hominis</strong></span> <span class='ocrx_word' id='word_1_182' title='bbox 1788 1687 1794 1722; x_wconf 65' lang='lat' dir='ltr'><strong><em>f</em></strong></span> 
     </span>
    </p>
   </div>
   <div class='ocr_carea' id='block_1_12' title="bbox 132 1754 749 1813">
    <p class='ocr_par' dir='ltr' id='par_1_12' title="bbox 132 1754 749 1813">
     <span class='ocr_line' id='line_1_22' title="bbox 132 1754 749 1813; baseline -0.008 -1"><span class='ocrx_word' id='word_1_183' title='bbox 132 1763 183 1813; x_wconf 87' lang='lat' dir='ltr'><strong>in</strong></span> <span class='ocrx_word' id='word_1_184' title='bbox 202 1760 395 1811; x_wconf 86' lang='lat' dir='ltr'><strong>salutem</strong></span> <span class='ocrx_word' id='word_1_185' title='bbox 422 1778 433 1807; x_wconf 72' lang='grc' dir='ltr'>ε</span> <span class='ocrx_word' id='word_1_186' title='bbox 455 1754 749 1809; x_wconf 88' lang='lat' dir='ltr'><strong>Ambrosius.</strong></span> 
     </span>
    </p>
   </div>
   <div class='ocr_carea' id='block_1_13' title="bbox 137 1906 1722 2056">
    <p class='ocr_par' dir='ltr' id='par_1_13' title="bbox 137 1906 1722 2056">
     <span class='ocr_line' id='line_1_23' title="bbox 137 1906 1722 1982; baseline -0.003 -14"><span class='ocrx_word' id='word_1_187' title='bbox 137 1917 447 1968; x_wconf 82' lang='lat' dir='ltr'><strong>Corollarium</strong></span> <span class='ocrx_word' id='word_1_188' title='bbox 479 1915 671 1982; x_wconf 76' lang='lat' dir='ltr'><strong>pietalis</strong></span> <span class='ocrx_word' id='word_1_189' title='bbox 687 1926 709 1975; x_wconf 76' lang='lat'><strong>,·</strong></span> <span class='ocrx_word' id='word_1_190' title='bbox 745 1907 825 1964; x_wconf 69' lang='grc' dir='ltr'><strong>,ςέιι</strong></span> <span class='ocrx_word' id='word_1_191' title='bbox 864 1914 913 1963; x_wconf 83' lang='grc' dir='ltr'><strong>ἰη</strong></span> <span class='ocrx_word' id='word_1_192' title='bbox 951 1913 1042 1962; x_wconf 79' lang='lat' dir='ltr'><strong>hoc</strong></span> <span class='ocrx_word' id='word_1_193' title='bbox 1081 1906 1248 1979; x_wconf 73' lang='lat' dir='ltr'><strong>Capfte</strong></span> <span class='ocrx_word' id='word_1_194' title='bbox 1282 1912 1369 1979; x_wconf 85' lang='lat'><strong>13,</strong></span> <span class='ocrx_word' id='word_1_195' title='bbox 1405 1914 1473 1963; x_wconf 80' lang='lat' dir='ltr'><strong>ad</strong></span> <span class='ocrx_word' id='word_1_196' title='bbox 1498 1914 1722 1979; x_wconf 74' lang='lat' dir='ltr'><strong>pietatem</strong></span> 
     </span>
     <span class='ocr_line' id='line_1_24' title="bbox 358 1990 1482 2056; baseline 0 -13"><span class='ocrx_word' id='word_1_197' title='bbox 358 1993 570 2043; x_wconf 72' lang='lat' dir='ltr'><strong>maxime}</strong></span> <span class='ocrx_word' id='word_1_198' title='bbox 594 1992 810 2042; x_wconf 82' lang='lat' dir='ltr'><strong>notanda</strong></span> <span class='ocrx_word' id='word_1_199' title='bbox 822 2026 835 2044; x_wconf 91' lang='lat'><em>,</em></span> <span class='ocrx_word' id='word_1_200' title='bbox 861 1998 907 2040; x_wconf 80' lang='lat' dir='ltr'><strong>et</strong></span> <span class='ocrx_word' id='word_1_201' title='bbox 922 1990 991 2041; x_wconf 89' lang='lat' dir='ltr'><strong>ad</strong></span> <span class='ocrx_word' id='word_1_202' title='bbox 999 1993 1197 2056; x_wconf 79' lang='lat' dir='ltr'><strong>praxim</strong></span> <span class='ocrx_word' id='word_1_203' title='bbox 1213 1991 1399 2056; x_wconf 71' lang='lat' dir='ltr'><strong>redigen</strong></span> <span class='ocrx_word' id='word_1_204' title='bbox 1407 1992 1482 2044; x_wconf 63' lang='lat' dir='ltr'><strong>rr‘a.</strong></span> 
     </span>
    </p>
   </div>
   <div class='ocr_carea' id='block_1_14' title="bbox 140 2124 1725 2331">
    <p class='ocr_par' dir='ltr' id='par_1_14' title="bbox 140 2124 1725 2331">
     <span class='ocr_line' id='line_1_25' title="bbox 144 2124 1725 2245; baseline -0.003 -10"><span class='ocrx_word' id='word_1_205' title='bbox 144 2124 454 2234; x_wconf 51' lang='lat' dir='ltr'><strong>Summers</strong></span> <span class='ocrx_word' id='word_1_206' title='bbox 480 2180 812 2232; x_wconf 83' lang='lat' dir='ltr'><strong>ecclesiasticus</strong></span> <span class='ocrx_word' id='word_1_207' title='bbox 842 2178 984 2230; x_wconf 86' lang='lat' dir='ltr'><strong>multa</strong></span> <span class='ocrx_word' id='word_1_208' title='bbox 1010 2181 1154 2231; x_wconf 86' lang='lat' dir='ltr'><strong>sancti</strong></span> <span class='ocrx_word' id='word_1_209' title='bbox 1181 2178 1417 2245; x_wconf 73' lang='lat' dir='ltr'><strong>regim&#39;nis</strong></span> <span class='ocrx_word' id='word_1_210' title='bbox 1447 2177 1725 2231; x_wconf 84' lang='lat' dir='ltr'><strong>documenta</strong></span> 
     </span>
     <span class='ocr_line' id='line_1_26' title="bbox 140 2259 655 2331; baseline -0.012 -17"><span class='ocrx_word' id='word_1_211' title='bbox 140 2269 297 2331; x_wconf 83' lang='lat' dir='ltr'><strong>potest</strong></span> <span class='ocrx_word' id='word_1_212' title='bbox 322 2260 400 2310; x_wconf 80' lang='lat' dir='ltr'><strong>hic</strong></span> <span class='ocrx_word' id='word_1_213' title='bbox 420 2259 655 2311; x_wconf 83' lang='lat' dir='ltr'><strong>adnotare.</strong></span> 
     </span>
    </p>
   </div>
   <div class='ocr_carea' id='block_1_15' title="bbox 823 2407 1055 2450">
    <p class='ocr_par' dir='ltr' id='par_1_15' title="bbox 823 2407 1055 2450">
     <span class='ocr_line' id='line_1_27' title="bbox 823 2407 1055 2450; baseline -0.009 0"><span class='ocrx_word' id='word_1_214' title='bbox 823 2407 1055 2450; x_wconf 77' lang='lat' dir='ltr'><strong>PR1MUM‘</strong></span> 
     </span>
    </p>
   </div>
   <div class='ocr_carea' id='block_1_16' title="bbox 1769 2352 1794 2526">
    <p class='ocr_par' dir='ltr' id='par_1_16' title="bbox 1769 2352 1794 2526">
     <span class='ocr_line' id='line_1_28' title="bbox 1769 2352 1794 2414; baseline 0 -3"><span class='ocrx_word' id='word_1_215' title='bbox 1769 2352 1794 2414; x_wconf 65' lang='lat'><strong>‚3</strong></span> 
     </span>
     <span class='ocr_line' id='line_1_29' title="bbox 1772 2438 1794 2468; baseline 0 0"><span class='ocrx_word' id='word_1_216' title='bbox 1772 2438 1794 2468; x_wconf 60' lang='grc' dir='ltr'><strong><em>Ἀ</em></strong></span> 
     </span>
     <span class='ocr_line' id='line_1_30' title="bbox 1784 2469 1794 2526; baseline 0 0"><span class='ocrx_word' id='word_1_217' title='bbox 1784 2469 1794 2526; x_wconf 70' lang='lat' dir='ltr'><strong>l</strong></span> 
     </span>
    </p>
   </div>
   <div class='ocr_carea' id='block_1_17' title="bbox 213 2531 1794 2607">
    <p class='ocr_par' dir='ltr' id='par_1_17' title="bbox 213 2531 1794 2607">
     <span class='ocr_line' id='line_1_31' title="bbox 213 2531 1794 2607; baseline -0.006 -16"><span class='ocrx_word' id='word_1_218' title='bbox 213 2539 329 2594; x_wconf 90' lang='lat' dir='ltr'><strong>Non</strong></span> <span class='ocrx_word' id='word_1_219' title='bbox 354 2540 467 2589; x_wconf 85' lang='lat' dir='ltr'><strong>boni</strong></span> <span class='ocrx_word' id='word_1_220' title='bbox 492 2554 675 2604; x_wconf 87' lang='lat' dir='ltr'><strong>semper</strong></span> <span class='ocrx_word' id='word_1_221' title='bbox 706 2537 844 2603; x_wconf 89' lang='lat' dir='ltr'><strong>patris</strong></span> <span class='ocrx_word' id='word_1_222' title='bbox 881 2553 982 2586; x_wconf 86' lang='lat' dir='ltr'><strong>esse</strong></span> <span class='ocrx_word' id='word_1_223' title='bbox 1014 2533 1117 2584; x_wconf 82' lang='lat' dir='ltr'><strong>filiis</strong></span> <span class='ocrx_word' id='word_1_224' title='bbox 1150 2549 1198 2584; x_wconf 88' lang='lat' dir='ltr'><strong>s</strong></span> <span class='ocrx_word' id='word_1_225' title='bbox 1204 2534 1243 2584; x_wconf 85' lang='lat' dir='ltr'><strong>is</strong></span> <span class='ocrx_word' id='word_1_226' title='bbox 1275 2531 1498 2595; x_wconf 83' lang='lat' dir='ltr'><strong>blandiri,</strong></span> <span class='ocrx_word' id='word_1_227' title='bbox 1547 2531 1723 2599; x_wconf 75' lang='lat' dir='ltr'><strong>eosque</strong></span> <span class='ocrx_word' id='word_1_228' title='bbox 1768 2535 1794 2607; x_wconf 69' lang='lat'><strong>«¹</strong></span> 
     </span>
    </p>
   </div>
   <div class='ocr_carea' id='block_1_18' title="bbox 146 2608 1727 2714">
    <p class='ocr_par' dir='ltr' id='par_1_18' title="bbox 146 2608 1727 2714">
     <span class='ocr_line' id='line_1_32' title="bbox 146 2608 1727 2714; baseline -0.01 -39"><span class='ocrx_word' id='word_1_229' title='bbox 146 2623 303 2681; x_wconf 77' lang='lat' dir='ltr'><strong>verbis</strong></span> <span class='ocrx_word' id='word_1_230' title='bbox 325 2618 623 2670; x_wconf 87' lang='lat' dir='ltr'><strong>demulcere.</strong></span> <span class='ocrx_word' id='word_1_231' title='bbox 648 2616 967 2683; x_wconf 84' lang='lat' dir='ltr'><strong>delinquentes</strong></span> <span class='ocrx_word' id='word_1_232' title='bbox 994 2616 1122 2664; x_wconf 89' lang='lat' dir='ltr'><strong>enim</strong></span> <span class='ocrx_word' id='word_1_233' title='bbox 1143 2620 1248 2664; x_wconf 90' lang='lat' dir='ltr'><strong>sunt</strong></span> <span class='ocrx_word' id='word_1_234' title='bbox 1269 2608 1558 2714; x_wconf 86' lang='lat' dir='ltr'><strong>corrigendi,</strong></span> <span class='ocrx_word' id='word_1_235' title='bbox 1572 2617 1633 2661; x_wconf 81' lang='lat' dir='ltr'><strong>et</strong></span> <span class='ocrx_word' id='word_1_236' title='bbox 1653 2609 1727 2661; x_wconf 86' lang='lat' dir='ltr'><strong>ali·</strong></span> 
     </span>
    </p>
   </div>
   <div class='ocr_carea' id='block_1_19' title="bbox 123 2695 1732 2841">
    <p class='ocr_par' dir='ltr' id='par_1_19' title="bbox 123 2695 1732 2841">
     <span class='ocr_line' id='line_1_33' title="bbox 123 2695 598 2765; baseline -0.019 -12.497"><span class='ocrx_word' id='word_1_237' title='bbox 123 2699 333 2765; x_wconf 90' lang='lat' dir='ltr'><strong>quando</strong></span> <span class='ocrx_word' id='word_1_238' title='bbox 355 2695 598 2763; x_wconf 86' lang='lat' dir='ltr'><strong>puniendi.</strong></span> 
     </span>
     <span class='ocr_line' id='line_1_34' title="bbox 223 2727 1732 2841; baseline -0.008 -13"><span class='ocrx_word' id='word_1_239' title='bbox 223 2776 304 2830; x_wconf 86' lang='lat' dir='ltr'><strong>Ad</strong></span> <span class='ocrx_word' id='word_1_240' title='bbox 336 2774 597 2841; x_wconf 82' lang='lat' dir='ltr'><strong>exemplum</strong></span> <span class='ocrx_word' id='word_1_241' title='bbox 638 2770 750 2824; x_wconf 83' lang='lat' dir='ltr'><strong>Divi</strong></span> <span class='ocrx_word' id='word_1_242' title='bbox 778 2770 910 2824; x_wconf 69' lang='lat' dir='ltr'><strong>Pauli</strong></span> <span class='ocrx_word' id='word_1_243' title='bbox 942 2774 1149 2839; x_wconf 87' lang='lat' dir='ltr'><strong>superior</strong></span> <span class='ocrx_word' id='word_1_244' title='bbox 1173 2778 1282 2822; x_wconf 90' lang='lat' dir='ltr'><strong>tunc</strong></span> <span class='ocrx_word' id='word_1_245' title='bbox 1311 2765 1477 2819; x_wconf 87' lang='lat' dir='ltr'><strong>Deum</strong></span> <span class='ocrx_word' id='word_1_246' title='bbox 1499 2727 1732 2830; x_wconf 77' lang='lat' dir='ltr'><strong>imitetur,</strong></span> 
     </span>
    </p>
   </div>
   <div class='ocr_carea' id='block_1_20' title="bbox 157 2846 1736 3003">
    <p class='ocr_par' dir='ltr' id='par_1_20' title="bbox 157 2846 1736 3003">
     <span class='ocr_line' id='line_1_35' title="bbox 159 2846 1736 2971; baseline -0.009 -62"><span class='ocrx_word' id='word_1_247' title='bbox 159 2861 237 2926; x_wconf 90' lang='lat' dir='ltr'><strong>qui</strong></span> <span class='ocrx_word' id='word_1_248' title='bbox 259 2855 488 2908; x_wconf 85' lang='lat' dir='ltr'><strong>multoties</strong></span> <span class='ocrx_word' id='word_1_249' title='bbox 506 2855 700 2904; x_wconf 82' lang='lat' dir='ltr'><strong>minatur</strong></span> <span class='ocrx_word' id='word_1_250' title='bbox 719 2869 770 2904; x_wconf 88' lang='lat' dir='ltr'><strong>se</strong></span> <span class='ocrx_word' id='word_1_251' title='bbox 794 2855 1055 2919; x_wconf 87' lang='lat' dir='ltr'><strong>puniturum</strong></span> <span class='ocrx_word' id='word_1_252' title='bbox 1073 2859 1319 2918; x_wconf 85' lang='lat' dir='ltr'><strong>antequam</strong></span> <span class='ocrx_word' id='word_1_253' title='bbox 1332 2849 1533 2971; x_wconf 85' lang='lat' dir='ltr'><strong>puniat,</strong></span> <span class='ocrx_word' id='word_1_254' title='bbox 1542 2846 1639 2896; x_wconf 70' lang='lat' dir='ltr'><strong>imo</strong></span> <span class='ocrx_word' id='word_1_255' title='bbox 1656 2846 1736 2912; x_wconf 81' lang='lat' dir='ltr'><strong>qui</strong></span> 
     </span>
     <span class='ocr_line' id='line_1_36' title="bbox 157 2931 1151 3003; baseline -0.009 -15"><span class='ocrx_word' id='word_1_256' title='bbox 157 2953 216 2988; x_wconf 78' lang='lat' dir='ltr'><strong>ce</strong></span> <span class='ocrx_word' id='word_1_257' title='bbox 234 2934 499 3003; x_wconf 86' lang='lat' dir='ltr'><strong>puniturum</strong></span> <span class='ocrx_word' id='word_1_258' title='bbox 525 2932 752 2996; x_wconf 85' lang='lat' dir='ltr'><strong>minatur,</strong></span> <span class='ocrx_word' id='word_1_259' title='bbox 783 2938 836 2982; x_wconf 71' lang='lat' dir='ltr'><strong>u!</strong></span> <span class='ocrx_word' id='word_1_260' title='bbox 856 2947 954 2982; x_wconf 89' lang='lat' dir='ltr'><strong>non</strong></span> <span class='ocrx_word' id='word_1_261' title='bbox 978 2931 1151 2996; x_wconf 88' lang='lat' dir='ltr'><strong>puniat.</strong></span> 
     </span>
    </p>
   </div>
   <div class='ocr_carea' id='block_1_21' title="bbox 1588 2559 1794 3122">
    <p class='ocr_par' dir='ltr' id='par_1_21' title="bbox 1588 2559 1794 3122">
     <span class='ocr_line' id='line_1_37' title="bbox 1588 2559 1794 3122; baseline 0 -141"><span class='ocrx_word' id='word_1_262' title='bbox 1588 2559 1794 3122; x_wconf 70' lang='lat' dir='ltr'><strong>l</strong></span> 
     </span>
    </p>
   </div>
  </div>
 </body>
</html>
