1794 3210
423 54 647 114 'ruirtnx
683 69 969 108 Exposrrlo.
1008 49 1128 120 Cap.
1163 55 1236 107 ΙΙ.
1536 46 1641 102 33ι

444 413 448 415 λ
525 339 763 396 CAPUT
798 337 1189 392 SECUNDUM.

674 507 1013 572 Puraplerasz‘s.

70 642 170 750 D
180 716 340 752 umus
359 738 372 762 ‚
396 691 641 765 'postquam
675 717 757 766 per
784 690 930 748 annos>
953 697 1294 764 quatuordecim
1324 683 1631 761 Evangeliurn

0 791 1 811 l
63 778 296 832 Gentibus
331 778 672 844 praedicassem,
713 781 875 829 iterum
912 777 1097 827 ascendi
1139 772 1486 845 Jerosolymam
1522 793 1632 826 cum

0 839 2 871 l

0 877 1 884 ¹
65 855 279 910 Barnaba
302 868 346 908 et
367 855 481 907 Tito
507 860 642 906 sociis
663 859 794 907 meis.

136 939 342 991 Ascendi
367 948 516 988 autem
550 937 706 986 divino
739 939 937 986 monitus
969 935 1177 993 oraculo,
1209 944 1256 984 ut
1292 935 1628 1000 delegationem

62 1019 124 1066 ab
150 1015 456 1067 Antiochenis
478 1012 591 1062 mihi
627 1013 818 1061 delatam
857 1014 1134 1076 susciperem
1166 1012 1223 1060 ad
1258 1011 1512 1076 Apostolos
1541 1032 1553 1062 z
1580 1024 1626 1065 et

62 1092 150 1146 hac
172 1097 410 1144 occasione
430 1090 728 1156 Evangelium
753 1108 905 1140 meum
925 1090 1103 1156 publice
1124 1091 1311 1155 quidem
1333 1093 1499 1142 contuli
1520 1110 1628 1143 cum

60 1168 272 1219 fidelibus
301 1160 705 1234 Jerosolymitanis
731 1183 744 1214 t

130 1244 352 1297 Privatim
370 1252 519 1295 autem
541 1245 873 1294 communicavi
897 1260 999 1292 cum
1016 1246 1235 1307 primariis
1261 1240 1498 1308 Apostolis
1519 1243 1625 1296 Pe—

62 1334 160 1385 tro,
192 1322 375 1373 Jacobo
410 1331 454 1371 et
488 1319 673 1370 Joanne
708 1339 719 1374 z
749 1323 1114 1381 communicavi,
1143 1323 1323 1386 inquam
1343 1360 1355 1381 ‚
1387 1339 1447 1370 ne
1474 1324 1624 1372 irritus

60 1411 107 1456 et
127 1402 295 1453 inutilis
319 1399 434 1449 soret
459 1399 584 1449 labor
602 1416 731 1449 meus
751 1433 762 1453 ‚
788 1406 883 1447 tum
907 1413 1137 1462 praesenS,
1164 1407 1258 1446 turn
1283 1402 1560 1463 praeteritus,
1582 1404 1624 1450 si

58 1497 228 1545 nempe
257 1478 476 1528 calumnia
502 1483 782 1541 spargeretur
805 1474 922 1523 aliud
944 1491 1020 1523 me
1045 1473 1239 1536 docere,
1265 1481 1398 1540 quam
1424 1476 1622 1527 doceant

57 1556 130 1608 alii
159 1554 393 1621 Apostoli,
429 1560 736 1601 antecessores
761 1552 852 1599 mei
879 1567 888 1596 :

129 1630 192 1682 Et
219 1632 341 1696 quod
375 1632 627 1679 maximum
658 1635 724 1676 est
759 1637 1099 1691 argumentum,
1130 1622 1365 1690 Apostolis
1390 1643 1482 1676 non
1517 1628 1623 1692 pla-

58 1711 204 1760 cuisse
218 1717 265 1758 ut
283 1704 490 1757 Gentiles
509 1704 656 1768 legem
678 1709 914 1752 servarent
934 1721 944 1750 :
965 1701 1118 1762 Titus,
1138 1716 1292 1749 comes
1309 1717 1459 1757 meus,
1485 1699 1619 1754 Gen,-

0 1843 3 1846 ,
54 1789 143 1839 tilis
170 1795 213 1836 et
234 1786 596 1842 incircumcisus,
622 1797 716 1829 non
737 1779 818 1830 fuit
839 1781 896 1828 ab
921 1783 986 1831 eis
1014 1787 1192 1830 coactus
1219 1781 1495 1830 circumcidi.

126 1862 222 1915 Sed
237 1881 387 1929 neque
406 1864 466 1911 ob
480 1854 673 1909 Judaeos
689 1896 703 1920 ,
729 1860 805 1923 qui
827 1874 877 1907 se
903 1857 1170 1907 christianos
1189 1856 1482 1917 simulabant,
1506 1863 1618 1923 qni..

57 1958 148 2006 que
174 1942 516 2004 subrepserant,
548 1943 594 1984 et
618 1934 833 1984 insidiose
867 1936 915 1983 in
951 1931 1204 1982 Ecclesiam
1232 1934 1616 1998 subintroierant,

54 2028 104 2070 ut
114 2019 401 2083 explorarent
414 2015 664 2064 libertatern
677 2013 733 2060 ab
752 2013 1073 2061 observatione
1087 2011 1199 2075 legis
1217 2007 1452 2071 Mosaicae,
1478 2032 1619 2078 quam

53 2093 278 2145 habemus
301 2109 379 2158 per
406 2084 677 2148 Christum,
705 2086 914 2151 illamque
936 2089 1070 2137 nobis
1093 2089 1344 2152 eriperent,
1367 2097 1411 2138 et
1434 2090 1482 2139 in
1505 2093 1620 2155 pris-

57 2174 197 2220 tinam
215 2173 481 2219 servitutem
500 2182 585 2216 nos
606 2165 883 2229 redigerent.

128 2248 210 2300 Ob
230 2250 352 2311 iilos,
374 2251 590 2312 inquam,
614 2262 701 2294 nec
717 2246 772 2294 ad
793 2251 1109 2304 momentum,
1134 2212 1380 2309 quidquam
1397 2219 1619 2302 cessimus

57 2331 120 2384 de
147 2332 379 2397 proposito
405 2335 571 2376 nostrae
598 2326 818 2375 libertatis
841 2323 1062 2386 tuendae,
1099 2330 1148 2373 ut
1182 2328 1347 2376 veritas
1375 2324 1620 2397 Evangelii

56 2423 140 2474 per
159 2424 236 2456 me
256 2403 375 2470 apud
405 2419 489 2452 vos
505 2436 521 2464 ,
546 2400 573 2451 ὃ
597 2399 768 2451 Galatae
786 2437 799 2462 ,
826 2399 1054 2463 praedicati
1078 2411 1357 2464 permaneat.

124 2479 204 2532 Ab
229 2482 313 2531 illis
333 2487 482 2529 autem
501 2515 514 2541 ‚
544 2480 620 2543 qui
653 2485 781 2527 erant
800 2476 918 2542 apud
944 2494 1105 2526 omnes
1128 2478 1175 2526 in
1197 2480 1398 2529 maximo
1431 2489 1577 2546 pretio
1595 2524 1615 2551 ,

57 2556 202 2613 Petro
221 2559 388 2609 scilicet
403 2593 418 2618 ,
449 2555 626 2605 Jacobo
648 2563 692 2605 et
714 2551 892 2604 Joanne
910 2590 922 2614 ,
943 2553 1055 2602 nihil
1075 2553 1212 2602 didici
1234 2571 1246 2601 ι
1270 2556 1422 2618 quales·
1440 2561 1497 2608 ilii
1522 2561 1618 2613 sue-

58 2637 152 2686 rint
178 2633 446 2701 aliquando,
474 2634 688 2682 nimirum
716 2630 952 2690 illitterati,
986 2631 1260 2694 piscatore5‚
1285 2640 1373 2682 etc.
1397 2652 1492 2685 non
1513 2655 1620 2691 sum
1656 2648 1666 2658 ⁴

58 2714 302 2781 sollicitus3
331 2715 433 2780 quia
449 2709 576 2761 Deus
597 2711 644 2758 in
663 2708 812 2757 salutis
827 2715 998 2756 nostrae
1011 2709 1196 2770 negotio
1214 2706 1316 2757 talia
1333 2708 1432 2760 non
1455 2722 1620 2766 atten-
1697 2731 1701 2734 ⁴

51 2792 125 2858 «dit
145 2826 160 2853 ‚
183 2791 266 2842 sed
289 2806 403 2855 quos
422 2787 517 2838 vult
545 2785 699 2849 eligit,
722 2791 772 2834 et
791 2782 943 2848 quales
967 2782 1064 2832 vult
1097 2781 1218 2833 sacit.

127 2866 335 2918 Tantum
361 2867 490 2917 abest
523 2871 575 2916 ut
604 2860 771 2930 aliquid
801 2862 852 2912 in
881 2877 984 2912 mea
1011 2860 1218 2917 doctrina
1253 2869 1514 2934 arguerint,
1546 2885 1624 2927 aut
