1794 3210
29 2892 48 2922 ἱ

174 81 278 150 478
641 95 907 133 wrsrocm
942 95 1014 134 n»
1046 95 1285 148 muz-As

245 167 309 220 At
325 185 412 233 ego
429 203 441 224 ,
465 171 492 218 ὲ
511 175 687 228 contra,
713 173 885 219 tantum
901 172 1031 221 abest
1053 178 1101 220 ut
1122 169 1290 235 aliquid
1311 169 1470 223 faciam
1487 171 1603 233 ‚vel
1615 173 1748 240 quid·

176 259 313 310 quam
336 247 383 294 in
407 241 576 294 Christi
601 243 807 295 doctrina
833 248 1104 307 immutem‚
1129 264 1210 296 seu
1227 248 1286 298 ad
1301 247 1749 316 fugiendampetse-
1787 254 1790 256 ’

177 324 409 371 cntionem
431 328 476 371 et
497 338 704 384 crucem,
727 339 808 371 seu
829 322 886 371 ad
911 323 1222 390 aucupandam
1255 323 1496 375 hominum
1524 326 1746 377 benevo-

178 398 360 449 lentiam
388 406 432 448 et
455 399 641 464 gloriam
660 437 672 460 ‚
1385 436 1391 439 .
1465 419 1509 462 s*
1528 396 1693 475 j

247 473 470 538 Quinimo
495 485 587 526 tota
614 494 715 527 mea
742 477 883 541 gloria
905 487 973 527 est
996 481 1042 527 in
1070 495 1202 528 cruce
1226 447 1395 528 Christi
1415 445 1630 533 ferehda.
1663 487 1745 530 to-

104 554 115 571 *
177 563 274 605 tum
301 554 517 619 gaudium
554 572 710 604 meum
741 562 809 604 est
839 555 897 604 ab
935 553 1201 605 hominibus
1234 557 1409 607 mundo
1441 557 1747 608 servientibus

178 636 350 701 despici
374 654 385 683 :
413 638 526 685 sicut
554 644 597 686 et
623 652 712 700 ego
734 635 958 686 mundum
982 637 1203 701 despicio.

244 711 420 779 Fugio,
449 714 680 779 despicio,
701 714 870 764 horreo
891 714 1115 765 mundum
1141 716 1256 764 sicut
1278 716 1572 778 cruciarium,
1587 715 1646 766 'et
1669 731 1748 765 me

179 795 382 843 vicissim
414 793 607 842 mundus
636 794 825 859 despicit
852 802 898 843 et
921 792 1078 843 horret
1109 795 1232 859 quasi
1260 793 1546 844 crucifixum.

246 869 418 922 Sensus
441 875 592 936 itaque
611 882 677 923 est
700 892 712 922 ε
733 873 881 923 Absit
900 874 1083 923 mihiut
1102 877 1148 924 in
1168 874 1251 924 ulla
1271 874 1355 924 alia
1377 891 1428 924 re
1446 873 1637 939 glorier,
1655 879 1750 924 etc.

177 948 296 1003 Vide
321 949 645 1015 paraphrasim.

245 1023 304 1078 In
331 1029 425 1078 sola
453 1047 587 1079 cruce
614 1030 818 1094 gloriari,
858 1038 1023 1095 quanta
1052 1031 1359 1094 generositas!
1381 1046 1610 1091 crucem,
1643 1031 1750 1080 cum

176 1124 279 1157 sese
307 1105 468 1168 offert,
507 1117 771 1172 acceptare,
813 1110 951 1156 animi
983 1113 1095 1158 sane
1123 1107 1355 1158 christiani
1391 1115 1460 1157 est
1494 1122 1750 1167 toracem.

180 1191 284 1238 cum
312 1190 472 1246 abest,
503 1189 785 1247 desiderare,
814 1187 1096 1253 perfectioris
1116 1190 1253 1238 animi
1276 1195 1351 1238 est
1380 1196 1426 1241 et
1454 1188 1604 1237 cordis
1625 1202 1750 1253 apo-

178 1266 321 1315 stolici
346 1285 356 1313 :
386 1274 428 1314 at
452 1268 495 1314 in
523 1267 593 1315 illa
615 1269 802 1315 inventa
828 1265 1036 1329 gloriari,
1063 1275 1106 1315 et
1127 1269 1174 1314 in
1196 1283 1251 1315 ea
1269 1266 1364 1315 sola
1386 1265 1592 1330 gloriari,
1618 1261 1751 1316 Pau·

181 1341 256 1390 tini
284 1344 421 1389 animi
444 1348 538 1391 est.
711 1406 714 1409 Δ

248 1415 502 1478 Miremur,
544 1415 908 1478 confundamur,
951 1436 1036 1482 pro
1079 1417 1266 1468 modulo
1305 1424 1466 1467 nostro
1504 1419 1762 1476 imitemur..

178 1488 368 1542 Etenim
404 1496 554 1542 omnis
596 1490 881 1543 Christianus
909 1494 1080 1554 debet,
1116 1496 1232 1543 sicut
1266 1501 1313 1544 et
1347 1489 1539 1553 Paulus,
1575 1492 1751 1544 mundo

178 1582 384 1621 mortuns
405 1590 505 1622 esse
527 1609 540 1634 ‚
567 1581 611 1623 et
637 1572 756 1622 hanc
786 1588 949 1624 vocem
976 1591 1160 1640 semper
1185 1573 1356 1624 habere
1386 1573 1436 1622 in
1467 1588 1548 1622 ore
1577 1588 1591 1623 ε
1620 1571 1787 1622 Mihix

179 1654 304 1701 obsit
328 1653 571 1714 gloriari...
1162 1695 1164 1697 .
1728 1690 1733 1696 .

251 1721 311 1779 Ῠ.
347 1729 511 1779 15.1n
537 1729 723 1778 christo
740 1748 862 1778 emm
884 1726 1047 1779 Iesu..
1067 1729 1139 1779 his
1163 1729 1317 1780 verbis
1338 1730 1593 1778 continetur
1613 1729 1751 1778 totius

178 1807 384 1872 epistolae
425 1808 740 1867 cormeilarium
766 1817 814 1857 et
850 1811 976 1872 quasi
1010 1811 1227 1874 epitome.
1260 1804 1317 1856 In
1343 1805 1563 1869 religione
1598 1803 1753 1857 chrisa

179 1887 326 1944 tiana,
352 1893 440 1934 etc.
466 1882 584 1934 Vide
613 1884 936 1974 paraphrasim.

246 1962 383 2011 Νυυιι
407 1970 657 2020 creatura,
689 1970 758 2011 est
779 1964 928 2012 anima
956 1963 1156 2012 exterius
1189 1977 1270 2027 per
1300 1955 1590 2026 Baptismum
1614 1975 1753 2024 rege,-

178 2049 333 2092 nerata
350 2079 363 2103 ‚
392 2043 578 2090 interitis
608 2058 688 2106 per
710 2045 896 2105 gratiam
925 2050 1143 2091 renovata
1161 2077 1175 2103 .,
1202 2043 1247 2090 in
1271 2041 1474 2090 novitate
1497 2042 1635 2100 vitae,
1659 2054 1770 2089 ⁵0--

177 2119 380 2170 cundum
405 2117 622 2185 Spiritum
659 2119 925 2211 ambulans,
965 2137 1047 2169 seu
1084 2117 1296 2168 mandata
1327 2114 1419 2167 Dei
1447 2132 1507 2164 ex
1533 2114 1750 2165 charitate

178 2214 386 2247 servans,

247 2267 302 2325 1⁵.
335 2272 411 2323 16.
435 2275 494 2322 Et
517 2293 791 2340 quicumque
812 2274 990 2324 hunc...
1013 2269 1096 2321 Gr.
1121 2279 1167 2321 et
1190 2254 1468 2336 quicumque
1488 2266 1642 2335 regula
1663 2265 1753 2320 hac
1791 2311 1794 2313 .

178 2348 277 2398 ordi
266 2354 382 2398 mate
395 2352 706 2400 ambulaverit.
723 2349 831 2418 Syr
848 2353 918 2399 et
907 2353 936 2399 ri
953 2348 1156 2415 quihanc
1168 2351 1382 2397 semitam
1398 2354 1644 2409 sectantur,
1661 2354 1755 2403 etc.

179 2420 299 2477 Vide
329 2426 655 2492 paraphrasim.

245 2506 402 2554 Israel
438 2507 558 2565 Dei,
595 2505 865 2571 spiritualis,
903 2506 1100 2567 scilicet,
1140 2512 1210 2558 est
1245 2503 1324 2568 qui
1356 2502 1500 2553 credit
1538 2484 1753 2564 Christo,

175 2580 272 2632 filio
304 2580 423 2646 Dei,
450 2580 654 2633 Ab1ahae
680 2586 935 2649 promisso,
962 2591 1008 2632 et
1037 2583 1112 2651 qui
1134 2580 1230 2631 fide
1253 2581 1472 2643 justitiam
1489 2585 1542 2629 et
1558 2577 1757 2652 &Q

178 2661 226 2708 in
255 2661 356 2726 ipso
381 2663 557 2728 quaerit.

247 2735 320 2800 ss.
354 2755 432 2803 17.
458 2738 528 2786 Dc
551 2747 749 2799 coelero,
779 2755 916 2787 nemo
941 2736 1108 2800 ηιξῖιί..
1138 2732 1229 2791 Gr.
1250 2718 1512 2799 caletum,
1521 2730 1794 2809 mnlqsttas

175 2816 292 2867 mihi
315 2836 456 2869 nemo
481 2818 733 2883 exhibeat,
760 2827 850 2870 etc.
884 2814 995 2887 Syr.
1018 2818 1212 2884 proinde
1234 2832 1376 2879 nemo
1392 2814 1534 2893 mibi
1545 2815 1794 2882 laborem

178 2893 301 2957 injic.
294 2896 382 2955 ’,οἱ
412 2902 502 2946 etc.
550 2949 554 2954 ,
