1794 3210
212 63 318 126 254
498 78 762 122 snotmnAE
781 81 1038 126 ems-rozaz
1072 86 1149 126 An
1185 91 1499 141 comm-mos

213 154 298 200 tus
322 142 381 198 in
402 143 716 205 infirmitate
739 153 1034 221 perficitur.
1055 155 1356 218 Libenter
1338 163 1550 243 lgiturg
1552 168 1784 232 loriabor

211 229 269 287 in
284 230 685 296 infirmitatibus
699 246 851 313 meis,
866 254 924 299 ut
935 241 1222 304 inhabitet'
1205 269 1264 307 ιη
1282 271 1370 307 me
1384 250 1546 313 virtus
1567 246 1781 317 Christi.

283 553 365 588 10.
404 532 642 603 Propter
683 536 829 605 quod
868 533 1057 608 placeo
1099 542 1234 600 mihi
1280 543 1338 601 in
1382 545 1780 611 infirmitatibus

209 621 370 691 meis,
395 619 454 676 in
478 624 854 696 contumeliis,
892 627 951 682 in
992 630 1420 706 necessitatibus,
1444 635 1501 691 in
1526 659 1779 708 persecu-

207 703 527 806 tionibus,
511 731 570 766 m
601 712 853 785 angustiis
875 737 971 785 pro
996 714 1257 776 Christo·
1293 725 1418 780 cnm
1442 723 1589 780 enim
1615 724 1780 783 infir-

207 794 375 867 mior,
400 809 529 854 tunc
550 812 742 870 potens
766 823 908 862 sum.

279 949 360 982 u.
384 924 585 985 Factus
609 950 729 988 sum
764 929 1026 1002 insipiens
1051 977 1067 1004 ‚
1093 953 1188 991 vos
1225 954 1314 992 me
1345 934 1586 1009 coegistis
1611 961 1625 991 z
1665 936 1778 1012 Ego

206 1013 354 1071 enim
389 1017 420 1072 ὲ
444 1015 595 1074 vobis
620 1017 779 1074 debui
815 1023 1183 1079 commendari
1214 1045 1227 1077 ε
1254 1024 1387 1082 nihil
1425 1026 1580 1083 eninr
1601 1026 1778 1084 mincis

204 1101 283 1164 fui
311 1103 377 1159 ab
413 1104 480 1163 iis
516 1106 609 1176 qui
646 1129 695 1166 ει
710 1119 771 1163 nt
808 1130 971 1182 supra
1005 1112 1230 1170 modum
1257 1115 1543 1187 Apostoli:
1575 1117 1779 1174 tametsi

204 1187 342 1247 nihil
370 1212 515 1253 sum.

279 1577 358 1611 12.
386 1552 555 1627 Signa
583 1566 763 1611 tamen
786 1555 1113 1626 apostolatfis
1140 1552 1246 1614 mei
1293 1557 1433 1614 facta
1455 1570 1581 1615 sunt
1598 1622 1601 1623 ⁷
1618 1577 1779 1628 super

209 1662 302 1700 vos
322 1640 380 1698 in
404 1643 554 1700 omni
575 1643 850 1715 patientia,
877 1644 934 1700 in
955 1642 1140 1719 signis,
1160 1632 1211 1703 ἐι
1236 1646 1517 1720 prodigiis,
1533 1658 1585 1703 et
1603 1639 1778 1703 virtu-

204 1729 361 1790 tibus.

277 1877 357 1932 13.
380 1874 532 1946 Quid
549 1886 628 1932 est
651 1873 814 1945 enim,
837 1871 984 1946 quod
1002 1873 1179 1934 minsis
1207 1873 1464 1934 habuistis
1495 1897 1602 1947 prae
1618 1879 1775 1938 ἐκτε-

202 1960 279 2019 ris
317 1961 589 2032 ecclesiis,
626 1961 732 2020 nisi
775 1964 920 2034 quod
955 1985 1053 2037 ego
1094 1963 1210 2038 ipse
1249 1984 1361 2020 non
1399 1960 1612 2041 gravavi
1645 1966 1777 2018 vos?

204 2047 423 2106 Donate
441 2049 575 2106 mihi
597 2047 735 2107 hanc
759 2049 1030 2123 injuriam.

275 2347 355 2411 14.
382 2344 520 2400 Ecce
557 2344 713 2402 tertio
755 2344 858 2402 hoc
885 2356 1099 2416 paratus
1132 2364 1253 2402 sum
1281 2341 1461 2422 venire
1485 2340 1553 2397 ad
1577 2359 1669 2396 vos
1691 2363 1704 2394 ε
1725 2350 1776 2395 et

203 2451 317 2488 non
354 2452 448 2489 ero
490 2432 664 2506 gravis
687 2432 859 2490 vobis.
904 2433 1032 2492 Non
1070 2431 1213 2488 enim
1254 2449 1432 2502 quaero
1466 2449 1582 2498 quae
1605 2437 1777 2481 vestra

205 2531 357 2588 sunt,
386 2521 480 2579 sed
503 2542 613 2579 vos.
640 2521 758 2580 Nec
779 2520 924 2579 enirn
964 2521 1157 2579 debent
1195 2519 1293 2581 filii
1316 2511 1634 2592 parentibus
1645 2511 1776 2570 [hc-

204 2609 496 2682 saurizare‚
521 2611 614 2670 sed
639 2623 884 2685 parentes
906 2609 1046 2670 filiis.

279 2913 363 2972 15.
383 2912 495 2987 Ego
519 2922 698 2972 autem
716 2910 1059 2972 libentissime&¹
1081 2906 1419 2988 impendam,
1438 2915 1490 2963 et
1511 2898 1780 2974 superim-
