1794 3210
410 128 635 167 'rmpmx
670 106 1230 175 EXP081T10.Cap.II.
1522 106 1623 178 349

18 233 40 275 3
57 203 204 273 quam
221 201 410 264 Paulus¹¹
437 219 528 270 quo
554 199 839 250 confidenter
858 197 1077 248 auderent
1113 199 1314 247 minores
1350 198 1620 260 majoribus,

18 290 20 293 ’
58 300 142 349 pro
174 277 464 332 defendenda
500 279 720 338 veritate,
747 273 869 325 salva
902 274 1135 333 charitate,
1160 277 1384 324 resistere.
1411 272 1477 324 D.
1501 270 1627 340 Aug.

19 414 22 415 γ
61 363 196 427 epist.
214 361 271 409 ad
296 358 430 409 Hier.
451 359 612 406 citatus
631 358 664 403 ὲ
682 351 930 402 Cornelio
917 369 943 400 a
963 349 1158 413 Lapidae
1505 394 1508 397 .

132 436 272 503 Hanc
300 435 662 499 objurgationem
688 438 841 494 pastor
862 443 945 495 pro
968 428 1108 477 salute
1146 430 1214 476 sui
1235 431 1383 491 gregis
1406 427 1625 478 libentis-

67 518 183 566 sime
202 516 436 564 sustinuit.
459 525 542 557 suo
566 508 854 571 objurgatore
883 505 1185 555 admirabilior
1212 513 1258 554 et
1282 505 1339 553 ad
1358 506 1630 557 imitandum
1684 552 1694 563 x

71 591 308 642 difficilior.
330 585 394 636 D.
418 583 696 649 Augustinus
717 588 741 632 a
763 581 1032 634 Fromondo
1057 584 1229 631 citatus.

47 721 51 726 ,
135 665 286 730 Hujus
306 671 458 716 autern
479 665 543 712 rei
565 664 678 711 ratio
708 661 885 710 videtur
913 677 1015 709 esse
1032 697 1043 718 ‚
1064 658 1186 725 quod
1210 660 1349 708 rarius
1387 667 1432 708 et
1456 658 1631 711 diffici-

62 749 148 800 lius
169 750 226 798 sit
246 748 455 797 invenire
486 743 716 809 praelatum
742 745 818 809 qui
851 746 876 791 a
910 742 1096 791 subdito
1134 742 1296 806 corrigi
1333 759 1427 791 non
1468 741 1633 811 dedig-

66 834 230 887 netur,
267 828 406 890 quam
443 825 642 889 reperire
669 822 907 871 subditum
932 823 1008 886 qui
1039 823 1321 886 superiorem
1342 820 1503 871 audeat
1528 839 1632 873 cor·

70 893 232 966 rigere.

143 975 254 1026 Hoc
278 984 427 1024 tamen
447 973 709 1023 humilitatis
749 972 1039 1036 exemplum,
1074 971 1258 1034 Petrae,
1288 983 1442 1038 pastor
1466 985 1630 1041 pasto-

75 1071 197 1116 rum,
213 1054 295 1101 toti
322 1050 447 1098 dedit
470 1045 713 1098 Ecclesiae:
741 1047 1062 1112 reprehensu8‚
1088 1051 1134 1095 in
1157 1065 1289 1096 suum
1309 1059 1631 1115 correctorem,

71 1149 167 1182 non
184 1130 325 1180 modo
347 1147 443 1180 non
471 1128 716 1178 excanduit
735 1145 747 1186 3
775 1127 858 1178 sed
873 1165 887 1190 ‚
908 1135 954 1176 ut
977 1130 1037 1175 ait
1073 1125 1454 1193 Theophylactus
1475 1168 1489 1193 ‚
1512 1117 1632 1181 cot-

73 1215 324 1263 rectionem
337 1228 468 1275 aequo
491 1211 689 1276 suscepit
711 1211 884 1259 animo.

132 1287 190 1342 Τ
192 1292 308 1339 acuit
329 1286 520 1347 Petrus,
546 1289 692 1352 utqui
714 1289 886 1352 primus
915 1293 1007 1335 erat
1035 1288 1083 1335 in
1103 1284 1377 1350 apostolatus
1412 1290 1631 1352 culmine,

75 1368 248 1434 primus
272 1373 392 1416 esset
426 1367 475 1414 in
511 1363 779 1418 humilitate.
810 1357 882 1412 D.
923 1359 1118 1426 Gregor.
1154 1360 1281 1413 hom.
1315 1363 1390 1415 18.
1415 1367 1462 1415 in
1499 1361 1635 1417 Eze-

77 1443 294 1511 chielem.
672 1454 692 1467 ‘

143 1513 351 1568 Felicem
368 1535 474 1584 ergo
498 1517 698 1567 dicamus
720 1516 905 1581 quidem
922 1513 1135 1578 Petrum,
1156 1520 1229 1581 qui
1244 1517 1393 1583 lapsus
1415 1521 1637 1573 zela-ntem
1679 1580 1682 1583 a

78 1597 249 1659 reperit
271 1591 493 1655 Paulum,
522 1596 599 1658 qui
624 1591 865 1642 christiana
888 1591 1103 1642 charitate
1129 1592 1367 1643 relevaret.

147 1669 214 1723 At
252 1690 345 1722 non
372 1675 524 1721 minus
545 1671 724 1721 felicem
754 1670 954 1720 dicamus
987 1667 1179 1718 Paulum
1199 1707 1213 1731 ,
1252 1673 1327 1734 qui
1355 1676 1639 1737 superiorem

80 1754 334 1815 corrigen3‚
367 1747 557 1799 Petrum
577 1746 1017 1808 invenithumilem‚
1042 1750 1118 1813 qui
1157 1751 1486 1800 correctionem
1506 1768 1639 1819 aequo

80 1838 125 1881 et
144 1831 270 1894 grato
294 1830 490 1893 suscepit
515 1828 687 1875 animo.

114 1905 352 1957 'Felicem
367 1906 565 1972 denique
576 1905 775 1954 dicamus
790 1900 1059 1962 Ecclesiam,
1076 1920 1178 1967 quae
1193 1904 1438 1971 apostolica
1449 1906 1498 1958 S.
1509 1907 1641 1961 Pauli

82 1986 314 2046 libertate,
350 1991 397 2032 et.
436 1980 698 2031 admiranda
731 1979 780 2030 S.
807 1977 958 2038 Petri
993 1984 1183 2044 pastoris
1212 1984 1308 2043 sui,
1348 1982 1636 2049 humilitate,

43 2078 49 2081 s
83 2080 244 2129 pacem
285 2070 330 2111 et
368 2058 612 2125 Evangelii
645 2058 884 2108 veritatem
913 2059 1136 2118 servavit3
1182 2068 1227 2108 et
1266 2062 1312 2109 in
1348 2059 1421 2111 his
1464 2063 1641 2116 duobus

81 2137 319 2206 Apostolis
346 2138 507 2188 habuit
531 2135 767 2201 exempla,
793 2144 889 2184 tum
926 2133 1187 2184 humilitatis
1210 2174 1222 2197 ,
1259 2139 1381 2202 quod
1409 2141 1642 2195 imitentur

83 2216 277 2280 praeiati3
310 2224 406 2266 tum
430 2215 675 2276 libertatis,
710 2212 833 2279 quod
857 2214 1089 2261 imitentur
1114 2214 1300 2264 subditi.

437 2364 689 2420 mmmm
707 2382 974 2428 nucusque.
999 2383 1295 2422 mc-ronuM.

161 2526 271 2577 Hoc
289 2524 456 2575 factum
482 2522 607 2575 Petri
629 2527 853 2591 gentiliter
873 2545 976 2577 curn
1007 2526 1268 2579 Gentilibus
1293 2533 1645 2592 viventisz‘h'aee

90 2605 204 2654 ratio
219 2607 246 2652 a
265 2599 326 2652 D.
346 2598 490 2650 Paulo
512 2599 702 2652 Petrum
725 2607 977 2668 corrigente
993 2606 1118 2655 allata
1134 2625 1144 2664 ;
1165 2606 1265 2655 haec
1280 2605 1341 2658 D.
1361 2606 1487 2659 Petri
1503 2609 1646 2664 Pado

91 2697 143 2729 se
164 2679 404 2742 corrigenti
432 2680 601 2741 cessio,
627 2697 814 2730 omnem
841 2682 995 2733 debuit
1010 2687 1035 2731 a
1052 2680 1220 2734 Galatis
1239 2667 1496 2752 scrupulum
1511 2707 1646 2741 ‘amn-

92 2773 226 2817 vere,
257 2755 434 2818 illisque
459 2755 712 2808 doctrinam
740 2755 870 2808 Pauli
905 2776 1084 2824 sanam,
1124 2762 1432 2828 evangelicam
1455 2776 1518 2818 et.-
1535 2774 1646 2820 vere
1671 2758 1674 2761 ¹

93 2833 385 2898 apostolicam
409 2832 737 2886 demonstrare.

161 2907 409 2965 Necenirn
434 2909 680 2976 quidquam
711 2909 880 2963 Petrus
901 2915 1196 2972 contradicit;
1223 2917 1346 2969 unde
1370 2919 1554 2987 planum
1575 2932 1647 2976 est
