1794 3210
353 144 371 149 ,
417 81 647 136 TBIPLEX
677 81 1252 151 EXP051T10.Cc1p.XI.
1520 81 1621 152 239

15 174 115 233 {illa
136 173 359 227 huicloco
376 191 476 226 non
499 190 620 224 conv
625 176 748 231 enit;
774 173 901 224 idem
921 175 1047 223 enirn
1067 174 1115 222 in
1137 189 1187 222 re
1203 187 1327 221 nunc
1352 169 1454 220 dicit
1478 164 1632 277 Apo-
1671 210 1677 217 .

4 227 225 317 ἑξεῒοὶῑιε,
235 253 389 320 quod
378 271 424 303 111
445 254 595 319 primo
620 269 758 306 versu
777 250 911 301 dixit.
1539 296 1541 299 Α
1607 254 1630 302 J

62 329 180 382 lbi
196 333 520 421 insipientiam
535 331 721 397 vocavit
737 328 949 392 gloriari,
969 330 1075 393 quia
1110 328 1313 392 speciem
1333 324 1510 376 habet
1497 326 1620 375 insi-

37 411 246 477 pientia),
275 418 319 460 et
343 410 564 474 insipiens
593 393 804 455 videtur
792 407 845 454 iis
869 408 945 471 qui
969 422 1149 455 causam
1181 406 1407 468 ignorant.
1626 453 1631 460 ,

111 485 212 539 Hic
235 495 391 538 autem
410 493 537 550 rogat
561 492 639 553 ut,
685 491 878 549 propter
915 482 1035 534 hanc
1078 483 1350 549 insipientiae
1385 481 1620 546 speciem,

39 583 141 632 non
170 561 365 632 ¹putet-ur
401 566 639 629 insipiens,
665 563 712 613 id
750 571 850 624 est,
876 568 987 615 vere
1022 565 1270 628 insipiens;
1300 562 1404 627 quia
1442 559 1489 610 id
1522 576 1631 620 non¹

40 646 132 736 agit
154 646 422 709 insipienter
443 649 488 693 et
509 645 608 693 sine
628 644 823 693 ratione.

22 726 26 731 '
112 718 273 784 Quod
277 723 316 780 si
340 729 495 776 tamen
518 721 576 770 ab
595 723 661 771 eis
679 738 776 770 non
802 728 953 787 potest
977 721 1187 770 obtinere
1221 718 1269 768 id
1304 717 1427 784 quod
1459 725 1615 782 rogat,

11 848 13 850 ,
40 797 258 851 concedit
298 805 348 847 ut
392 797 516 847 velut
548 800 843 864 insipientem
884 800 1032 863 ipsum
1072 798 1321 861 accipiant;
1366 795 1621 845 dummodo

4 895 7 897 ’
43 880 244 946 gloriari
256 884 558 950 permittant:
604 883 743 950 idque
789 884 999 933 concedit
1024 883 1384 948 sapientissime,
1421 884 1622 947 proxim¹

43 963 114 1011 sui
136 960 328 1011 salutern
344 977 440 1011 suae
465 964 657 1028 propriae
678 962 814 1011 sarnae
836 960 1182 1026 anteponenda

113 1035 171 1088 In
194 1037 266 1088 his
294 1055 404 1103 ergo
430 1039 586 1088 verbis
600 1047 721 1104 patet
743 1046 787 1088 ct
811 1039 1040 1088 humilitas
1061 1046 1106 1087 et
1131 1036 1324 1087 charitas
1344 1033 1578 1100 Apostoli.

114 1116 383 1180 Humilitas,
408 1123 702 1171 excusatione
725 1124 860 1171 toties
885 1119 1074 1171 iterata:
1100 1117 1302 1169 ostendit
1334 1122 1445 1168 sane
1486 1122 1631 1187 quarn.

47 1198 219 1248 invitus
242 1203 289 1245 et
310 1189 493 1246 coactus
510 1196 739 1262 glorietur.
786 1258 789 1263 1

30 1303 47 1322 κ
119 1272 347 1339 Charitas,
378 1276 500 1327 hanc
524 1281 764 1328 vinternam
789 1277 1104 1329 confusionem
1143 1295 1270 1328 suam
1289 1313 1302 1337 ,
1326 1278 1420 1325 imo
1459 1283 1507 1325 et
1533 1292 1624 1326 ex-

46 1351 235 1407 ternum
266 1349 622 1408 Corinthiorum
649 1366 887 1424 propterea
909 1367 1250 1424 contemptum,
1274 1359 1528 1406 animarum
1544 1373 1625 1405 sa-
1697 1355 1701 1364 “

48 1434 130 1484 luti
119 1435 462 1565 fisacrificandO.

119 1508 176 1565 fi.
209 1529 287 1577 17.
315 1511 456 1577 Quod
474 1513 685 1577 loquor...
707 1510 870 1561 fatetur
888 1513 1011 1579 quod
1030 1514 1184 1579 specie
1220 1518 1354 1561 tenus
1394 1517 1439 1560 et
1478 1526 1631 1575 appa--

51 1596 212 1649 renter
228 1605 325 1637 non
349 1596 451 1653 agat
468 1588 720 1638 secundnm
747 1585 916 1639 Christi
953 1591 1236 1649 doctrinam,
1270 1589 1451 1653 quinos
1471 1585 1627 1635 humi·

47 1661 222 1713 litatem
243 1661 372 1713 factis
391 1673 440 1714 'et
457 1666 612 1715 verbis
633 1665 818 1727 docuit,
844 1674 894 1715 ut
910 1668 1000 1730 jam
1022 1666 1190 1716 dictum
1217 1674 1286 1715 est
1304 1668 1627 1729 incommen-

50 1747 182 1796 tario.
204 1740 261 1798 JV.
292 1765 337 1797 1.

60 1815 63 1819 ⁴
129 1822 271 1889 Quod
289 1827 336 1874 in
358 1824 451 1874 hoc
475 1813 752 1890 gloriationis
775 1832 1040 1891 argumento
1063 1825 1241 1890 loquor,
1264 1825 1303 1873 si
1327 1825 1469 1874 verba
1494 1841 1629 1890 spec·

52 1901 158 1949 tetis
182 1904 354 1949 tantum
384 1910 601 1961 externa,
637 1920 729 1951 uon
751 1904 912 1967 loquor
933 1901 1184 1949 secundum
1219 1900 1396 1958 Deum,
1425 1902 1630 1965 speciem

55 1976 182 2032 enim
213 1974 384 2024 habent
408 1979 710 2041 insipientiae3
752 1981 790 2027 si
823 1982 935 2026 vero
967 1978 1170 2024 animum
1199 1978 1413 2042 spectetis
1445 1982 1492 2024 et
1515 1991 1630 2024 ver-

54 2051 222 2102 borum
247 2070 464 2117 scopum,
488 2055 749 2104 secundum·
772 2056 921 2104 Deum
950 2050 1125 2118 loquor.

84 2196 87 2199 Ι
127 2126 204 2180 Ex
227 2129 443 2182 charitate
467 2135 590 2182 enim
614 2133 806 2199 loquor,
835 2141 876 2182 et
905 2149 966 2182 ex
989 2134 1260 2182 necessitate
1285 2150 1362 2182 me
1382 2129 1547 2189 land03
1572 2147 1633 2180 ne

56 2209 136 2258 rn'e
154 2246 169 2271 ,
200 2205 368 2260 Christi
390 2213 600 2262 ministro
627 2219 895 2278 contempto
913 2250 927 2276 ‚
956 2211 1148 2262 credatis
1178 2220 1222 2261 et
1246 2210 1517 2261 adhaereatis
1541 2207 1635 2260 Sa-

59 2295 177 2336 tanae
204 2289 437 2340 ministris.

55 2362 59 2365 ⁵
131 2361 240 2429 Ago
262 2374 542 2433 apparenter
560 2378 717 2420 contra
738 2369 1064 2427 humilitatem,
1091 2385 1191 2432 quae
1216 2376 1282 2418 est
1310 2385 1420 2418 vera
1443 2369 1634 2433 sapien-

60 2449 146 2508 tia,
172 2465 307 2512 quarn
331 2463 414 2500 nos
431 2448 562 2501 Deus
580 2470 662 2518 per
684 2450 917 2503 Christum
941 2451 1121 2501 docuit:
1143 2449 1253 2500 hinc
1271 2469 1363 2500 non
1384 2450 1636 2499 secundum

60 2524 216 2576 Deum
242 2527 416 2592 loquor.
1555 2542 1557 2544 ’

129 2600 224 2652 Sed
250 2604 297 2652 id
334 2607 505 2656 invitus
530 2623 615 2673 ago
644 2615 690 2658 et
724 2625 784 2658 ex
809 2608 1051 2660 charitate·
1076 2608 1186 2658 hinc
1215 2626 1327 2659 non
1343 2611 1637 2674 insipienter,

50 2677 146 2729 sed
173 2683 299 2744 quasi
323 2683 607 2748 insipienter,
631 2705 708 2735 seu
731 2689 869 2752 quasi
888 2707 936 2736 m
959 2688 1271 2751 insipz'ssentaea
1294 2703 1396 2737 mea
1417 2687 1511 2737 laus
1526 2704 1642 2752 spe-

49 2755 194 2805 'ciem
225 2754 367 2807 habet
393 2762 665 2826 insipientiae
705 2764 913 2830 quidem,
952 2764 1035 2814 sed
1070 2770 1139 2813 est
1172 2779 1281 2813 vera
1313 2771 1360 2813 et
1389 2764 1643 2815 secundum

61 2825 217 2881 Deum
236 2837 474 2899 sapientia.

84 2906 198 2960 111
208 2908 305 2963 ha'c
319 2915 568 2966 substantia
593 2915 759 2982 gloriae.
775 2913 860 2969 Gr.
879 2912 926 2967 ἐν
944 2913 1100 2980 ταύτῃ
1124 2933 1182 2983 τη
1204 2912 1501 2972 ὑποσπάσειε
1517 2893 1642 2972 idern
