<?xml version="1.0" encoding="UTF-8"?>
<!DOCTYPE html PUBLIC "-//W3C//DTD XHTML 1.0 Transitional//EN"
    "http://www.w3.org/TR/xhtml1/DTD/xhtml1-transitional.dtd">
<html xmlns="http://www.w3.org/1999/xhtml" xml:lang="en" lang="en">
 <head>
  <title>
</title>
<meta http-equiv="Content-Type" content="text/html;charset=utf-8" />
  <meta name='ocr-system' content='tesseract 3.04.00' />
  <meta name='ocr-capabilities' content='ocr_page ocr_carea ocr_par ocr_line ocrx_word'/>
</head>
<body>
  <div class='ocr_page' id='page_1' title='image "./epistolaumbpauli03picq_0385.png"; bbox 0 0 1794 3210; ppageno 0'>
   <div class='ocr_carea' id='block_1_1' title="bbox 0 0 101 1798">
    <p class='ocr_par' dir='ltr' id='par_1_1' title="bbox 0 0 101 1798">
     <span class='ocr_line' id='line_1_1' title="bbox 0 0 18 62; baseline 0 3148"><span class='ocrx_word' id='word_1_1' title='bbox 0 0 18 62; x_wconf 95' lang='lat' dir='ltr'> </span> 
     </span>
     <span class='ocr_line' id='line_1_2' title="bbox 0 62 89 363; baseline 0 -149"><span class='ocrx_word' id='word_1_2' title='bbox 0 62 89 363; x_wconf 95' lang='lat' dir='ltr'>    </span> 
     </span>
     <span class='ocr_line' id='line_1_3' title="bbox 0 363 101 557; baseline 0 -65"><span class='ocrx_word' id='word_1_3' title='bbox 0 363 101 557; x_wconf 95' lang='lat' dir='ltr'>    </span> 
     </span>
     <span class='ocr_line' id='line_1_4' title="bbox 0 557 63 749; baseline 0 -140"><span class='ocrx_word' id='word_1_4' title='bbox 0 557 63 749; x_wconf 95' lang='lat' dir='ltr'>   </span> 
     </span>
     <span class='ocr_line' id='line_1_5' title="bbox 0 749 34 912; baseline 0 -86"><span class='ocrx_word' id='word_1_5' title='bbox 0 749 34 912; x_wconf 95' lang='lat' dir='ltr'>   </span> 
     </span>
     <span class='ocr_line' id='line_1_6' title="bbox 0 1146 60 1415; baseline 0 -128"><span class='ocrx_word' id='word_1_6' title='bbox 0 1146 60 1415; x_wconf 95' lang='lat' dir='ltr'>   </span> 
     </span>
     <span class='ocr_line' id='line_1_7' title="bbox 0 1415 13 1798; baseline 0 -169"><span class='ocrx_word' id='word_1_7' title='bbox 0 1415 13 1798; x_wconf 95' lang='lat' dir='ltr'>    </span> 
     </span>
    </p>
   </div>
   <div class='ocr_carea' id='block_1_2' title="bbox 213 0 1575 89">
    <p class='ocr_par' dir='ltr' id='par_1_2' title="bbox 213 0 1575 89">
     <span class='ocr_line' id='line_1_8' title="bbox 213 0 1575 89; baseline 0.006 -22"><span class='ocrx_word' id='word_1_8' title='bbox 213 15 221 28; x_wconf 80' lang='lat'><em>&#39;</em></span> <span class='ocrx_word' id='word_1_9' title='bbox 293 0 298 2; x_wconf 35' lang='lat'><em>⁷</em></span> <span class='ocrx_word' id='word_1_10' title='bbox 360 31 579 69; x_wconf 68' lang='lat' dir='ltr'>Tnircux</span> <span class='ocrx_word' id='word_1_11' title='bbox 612 3 900 74; x_wconf 31' lang='lat' dir='ltr'>Exeosiffno</span> <span class='ocrx_word' id='word_1_12' title='bbox 939 16 1575 89; x_wconf 70' lang='lat' dir='ltr'>Cap.111.373</span> 
     </span>
    </p>
   </div>
   <div class='ocr_carea' id='block_1_3' title="bbox 18 100 1577 1390">
    <p class='ocr_par' dir='ltr' id='par_1_3' title="bbox 15 100 1573 405">
     <span class='ocr_line' id='line_1_9' title="bbox 31 100 1573 182; baseline 0.005 -27.153"><span class='ocrx_word' id='word_1_13' title='bbox 31 100 120 182; x_wconf 61' lang='grc' dir='ltr'>βπ</span> <span class='ocrx_word' id='word_1_14' title='bbox 145 105 228 159; x_wconf 73' lang='lat' dir='ltr'>lex-</span> <span class='ocrx_word' id='word_1_15' title='bbox 259 114 445 173; x_wconf 85' lang='lat' dir='ltr'>propter</span> <span class='ocrx_word' id='word_1_16' title='bbox 474 110 853 173; x_wconf 69' lang='lat' dir='ltr'><strong>transgressiones</strong></span> <span class='ocrx_word' id='word_1_17' title='bbox 886 109 1207 172; x_wconf 70' lang='lat' dir='ltr'><strong>declarandae,</strong></span> <span class='ocrx_word' id='word_1_18' title='bbox 1236 111 1488 178; x_wconf 70' lang='lat' dir='ltr'>arguendas</span> <span class='ocrx_word' id='word_1_19' title='bbox 1523 121 1573 163; x_wconf 88' lang='lat' dir='ltr'>et</span> 
     </span>
     <span class='ocr_line' id='line_1_10' title="bbox 24 184 1570 253; baseline 0.005 -19"><span class='ocrx_word' id='word_1_20' title='bbox 24 184 278 243; x_wconf 60' lang='lat' dir='ltr'>sternendas</span> <span class='ocrx_word' id='word_1_21' title='bbox 304 187 448 250; x_wconf 88' lang='lat' dir='ltr'>posita</span> <span class='ocrx_word' id='word_1_22' title='bbox 470 194 564 243; x_wconf 86' lang='lat' dir='ltr'>est,</span> <span class='ocrx_word' id='word_1_23' title='bbox 593 203 702 250; x_wconf 83' lang='lat' dir='ltr'>ergo</span> <span class='ocrx_word' id='word_1_24' title='bbox 719 188 816 252; x_wconf 86' lang='lat' dir='ltr'>ipsa</span> <span class='ocrx_word' id='word_1_25' title='bbox 839 186 942 237; x_wconf 82' lang='lat' dir='ltr'>facit</span> <span class='ocrx_word' id='word_1_26' title='bbox 968 189 1093 253; x_wconf 78' lang='lat' dir='ltr'>quod</span> <span class='ocrx_word' id='word_1_27' title='bbox 1116 187 1244 239; x_wconf 88' lang='lat' dir='ltr'>Deus</span> <span class='ocrx_word' id='word_1_28' title='bbox 1271 205 1321 240; x_wconf 84' lang='lat' dir='ltr'>se</span> <span class='ocrx_word' id='word_1_29' title='bbox 1345 188 1570 249; x_wconf 75' lang='lat' dir='ltr'>facturum</span> 
     </span>
     <span class='ocr_line' id='line_1_11' title="bbox 89 257 1572 328; baseline 0.006 -18.572"><span class='ocrx_word' id='word_1_30' title='bbox 89 262 210 311; x_wconf 83' lang='lat' dir='ltr'>misit</span> <span class='ocrx_word' id='word_1_31' title='bbox 237 280 318 328; x_wconf 88' lang='lat' dir='ltr'>per</span> <span class='ocrx_word' id='word_1_32' title='bbox 337 279 500 313; x_wconf 85' lang='lat' dir='ltr'>semen</span> <span class='ocrx_word' id='word_1_33' title='bbox 532 257 772 312; x_wconf 75' lang='lat' dir='ltr'>Abrahae:</span> <span class='ocrx_word' id='word_1_34' title='bbox 796 263 855 311; x_wconf 88' lang='lat' dir='ltr'>In</span> <span class='ocrx_word' id='word_1_35' title='bbox 871 270 927 311; x_wconf 84' lang='lat' dir='ltr'>te</span> <span class='ocrx_word' id='word_1_36' title='bbox 947 265 1295 325; x_wconf 81' lang='lat' dir='ltr'><em>benedicentur,</em></span> <span class='ocrx_word' id='word_1_37' title='bbox 1324 275 1440 327; x_wconf 67' lang='lat' dir='ltr'>etc„</span> <span class='ocrx_word' id='word_1_38' title='bbox 1475 270 1572 318; x_wconf 89' lang='lat' dir='ltr'>sic-</span> 
     </span>
     <span class='ocr_line' id='line_1_12' title="bbox 37 329 1101 405; baseline 0.001 -17"><span class='ocrx_word' id='word_1_39' title='bbox 37 329 59 346; x_wconf 50' lang='grc'>””</span> <span class='ocrx_word' id='word_1_40' title='bbox 107 338 194 389; x_wconf 82' lang='lat' dir='ltr'>lex</span> <span class='ocrx_word' id='word_1_41' title='bbox 214 337 505 405; x_wconf 75' lang='lat' dir='ltr'>promissioni</span> <span class='ocrx_word' id='word_1_42' title='bbox 522 338 674 405; x_wconf 75' lang='lat' dir='ltr'>aliquo</span> <span class='ocrx_word' id='word_1_43' title='bbox 696 338 848 389; x_wconf 83' lang='lat' dir='ltr'>modo</span> <span class='ocrx_word' id='word_1_44' title='bbox 860 343 1101 391; x_wconf 81' lang='lat' dir='ltr'>contraria.</span> 
     </span>
    </p>

    <p class='ocr_par' dir='ltr' id='par_1_4' title="bbox 13 401 1573 865">
     <span class='ocr_line' id='line_1_13' title="bbox 57 401 1570 483; baseline 0.004 -17.83"><span class='ocrx_word' id='word_1_45' title='bbox 57 406 208 466; x_wconf 84' lang='lat' dir='ltr'>Absit</span> <span class='ocrx_word' id='word_1_46' title='bbox 229 416 358 483; x_wconf 71' lang='lat' dir='ltr'>quod</span> <span class='ocrx_word' id='word_1_47' title='bbox 383 414 518 472; x_wconf 79' lang='lat' dir='ltr'>Deus</span> <span class='ocrx_word' id='word_1_48' title='bbox 551 414 700 479; x_wconf 82' lang='lat' dir='ltr'>legem</span> <span class='ocrx_word' id='word_1_49' title='bbox 734 412 910 466; x_wconf 79' lang='lat' dir='ltr'>dederit</span> <span class='ocrx_word' id='word_1_50' title='bbox 948 401 1239 480; x_wconf 85' lang='lat' dir='ltr'>promissioni</span> <span class='ocrx_word' id='word_1_51' title='bbox 1271 434 1365 469; x_wconf 82' lang='lat' dir='ltr'>suae</span> <span class='ocrx_word' id='word_1_52' title='bbox 1383 427 1570 471; x_wconf 85' lang='lat' dir='ltr'>contra-</span> 
     </span>
     <span class='ocr_line' id='line_1_14' title="bbox 36 488 1283 541; baseline 0.003 -1.003"><span class='ocrx_word' id='word_1_53' title='bbox 36 488 124 541; x_wconf 85' lang='lat' dir='ltr'>iam</span> <span class='ocrx_word' id='word_1_54' title='bbox 157 512 168 541; x_wconf 90' lang='lat'>:</span> <span class='ocrx_word' id='word_1_55' title='bbox 1278 513 1283 518; x_wconf 90' lang='lat'><strong>·</strong></span> 
     </span>
     <span class='ocr_line' id='line_1_15' title="bbox 71 553 1573 634; baseline 0.003 -17"><span class='ocrx_word' id='word_1_56' title='bbox 71 553 398 634; x_wconf 43' lang='lat' dir='ltr'>Equidemssi</span> <span class='ocrx_word' id='word_1_57' title='bbox 422 564 499 617; x_wconf 83' lang='lat' dir='ltr'>lex</span> <span class='ocrx_word' id='word_1_58' title='bbox 523 575 677 632; x_wconf 89' lang='lat' dir='ltr'>posset</span> <span class='ocrx_word' id='word_1_59' title='bbox 701 566 976 632; x_wconf 80' lang='lat' dir='ltr'>spiritualem</span> <span class='ocrx_word' id='word_1_60' title='bbox 999 570 1164 618; x_wconf 84' lang='lat' dir='ltr'>animae</span> <span class='ocrx_word' id='word_1_61' title='bbox 1187 573 1329 620; x_wconf 83' lang='lat' dir='ltr'>vitam</span> <span class='ocrx_word' id='word_1_62' title='bbox 1353 570 1459 620; x_wconf 86' lang='lat' dir='ltr'>dare</span> <span class='ocrx_word' id='word_1_63' title='bbox 1477 608 1490 632; x_wconf 84' lang='lat'>,</span> <span class='ocrx_word' id='word_1_64' title='bbox 1522 574 1573 621; x_wconf 85' lang='lat' dir='ltr'>et</span> 
     </span>
     <span class='ocr_line' id='line_1_16' title="bbox 63 644 1569 714; baseline 0.003 -18"><span class='ocrx_word' id='word_1_65' title='bbox 63 646 219 696; x_wconf 74' lang='lat' dir='ltr'>emam</span> <span class='ocrx_word' id='word_1_66' title='bbox 238 644 445 696; x_wconf 70' lang='lat' dir='ltr'>conferre</span> <span class='ocrx_word' id='word_1_67' title='bbox 469 646 797 696; x_wconf 72' lang='lat' dir='ltr'>beatitudinem</span> <span class='ocrx_word' id='word_1_68' title='bbox 815 684 828 704; x_wconf 83' lang='lat'>‚</span> <span class='ocrx_word' id='word_1_69' title='bbox 852 645 995 696; x_wconf 82' lang='lat' dir='ltr'>fateor</span> <span class='ocrx_word' id='word_1_70' title='bbox 1020 649 1144 713; x_wconf 78' lang='lat' dir='ltr'>quod</span> <span class='ocrx_word' id='word_1_71' title='bbox 1170 658 1279 700; x_wconf 84' lang='lat' dir='ltr'>tunc</span> <span class='ocrx_word' id='word_1_72' title='bbox 1304 649 1390 699; x_wconf 87' lang='lat' dir='ltr'>dici</span> <span class='ocrx_word' id='word_1_73' title='bbox 1413 659 1569 714; x_wconf 81' lang='lat' dir='ltr'>posset</span> 
     </span>
     <span class='ocr_line' id='line_1_17' title="bbox 19 714 1567 792; baseline 0.003 -19"><span class='ocrx_word' id='word_1_74' title='bbox 19 741 79 773; x_wconf 86' lang='lat' dir='ltr'>ex</span> <span class='ocrx_word' id='word_1_75' title='bbox 101 714 394 788; x_wconf 78' lang='lat' dir='ltr'>promissioni</span> <span class='ocrx_word' id='word_1_76' title='bbox 416 727 633 773; x_wconf 87' lang='lat' dir='ltr'>contraria</span> <span class='ocrx_word' id='word_1_77' title='bbox 655 743 666 772; x_wconf 90' lang='lat'>:</span> <span class='ocrx_word' id='word_1_78' title='bbox 688 723 853 773; x_wconf 84' lang='lat' dir='ltr'>faceret</span> <span class='ocrx_word' id='word_1_79' title='bbox 874 727 996 774; x_wconf 89' lang='lat' dir='ltr'>enim</span> <span class='ocrx_word' id='word_1_80' title='bbox 1017 726 1139 790; x_wconf 87' lang='lat' dir='ltr'>quod</span> <span class='ocrx_word' id='word_1_81' title='bbox 1162 727 1272 777; x_wconf 80' lang='lat' dir='ltr'>fidei</span> <span class='ocrx_word' id='word_1_82' title='bbox 1295 731 1567 792; x_wconf 87' lang='lat' dir='ltr'>promissum</span> 
     </span>
     <span class='ocr_line' id='line_1_18' title="bbox 36 799 936 865; baseline -0.001 -15"><span class='ocrx_word' id='word_1_83' title='bbox 36 807 105 858; x_wconf 89' lang='lat' dir='ltr'>st,</span> <span class='ocrx_word' id='word_1_84' title='bbox 135 801 291 865; x_wconf 86' lang='lat' dir='ltr'>sicque</span> <span class='ocrx_word' id='word_1_85' title='bbox 313 799 452 849; x_wconf 85' lang='lat' dir='ltr'>tidem</span> <span class='ocrx_word' id='word_1_86' title='bbox 474 800 689 850; x_wconf 85' lang='lat' dir='ltr'>redderet</span> <span class='ocrx_word' id='word_1_87' title='bbox 710 800 936 849; x_wconf 73' lang='lat' dir='ltr'>inutilem.</span> 
     </span>
    </p>

    <p class='ocr_par' dir='ltr' id='par_1_5' title="bbox 37 873 1573 1092">
     <span class='ocr_line' id='line_1_19' title="bbox 77 873 1568 946; baseline 0.002 -20"><span class='ocrx_word' id='word_1_88' title='bbox 77 873 173 926; x_wconf 88' lang='lat' dir='ltr'>Sed</span> <span class='ocrx_word' id='word_1_89' title='bbox 201 875 292 925; x_wconf 87' lang='lat' dir='ltr'>hoc</span> <span class='ocrx_word' id='word_1_90' title='bbox 312 894 408 926; x_wconf 88' lang='lat' dir='ltr'>non</span> <span class='ocrx_word' id='word_1_91' title='bbox 433 881 665 941; x_wconf 72' lang='lat' dir='ltr'>praestitit,</span> <span class='ocrx_word' id='word_1_92' title='bbox 697 881 789 926; x_wconf 73' lang='lat' dir='ltr'>imo</span> <span class='ocrx_word' id='word_1_93' title='bbox 827 876 1044 926; x_wconf 74' lang='lat' dir='ltr'>conclusit</span> <span class='ocrx_word' id='word_1_94' title='bbox 1077 879 1161 926; x_wconf 93' lang='lat' dir='ltr'>sub</span> <span class='ocrx_word' id='word_1_95' title='bbox 1197 886 1414 943; x_wconf 82' lang='lat' dir='ltr'>peccato;</span> <span class='ocrx_word' id='word_1_96' title='bbox 1447 881 1568 946; x_wconf 56' lang='lat' dir='ltr'>‘ipsis</span> 
     </span>
     <span class='ocr_line' id='line_1_20' title="bbox 37 949 1573 1023; baseline 0.003 -21"><span class='ocrx_word' id='word_1_97' title='bbox 37 956 144 1003; x_wconf 88' lang='lat' dir='ltr'>tiam</span> <span class='ocrx_word' id='word_1_98' title='bbox 164 949 338 1003; x_wconf 77' lang='lat' dir='ltr'>Judaeis</span> <span class='ocrx_word' id='word_1_99' title='bbox 361 954 602 1004; x_wconf 76' lang='lat' dir='ltr'>declaravit</span> <span class='ocrx_word' id='word_1_100' title='bbox 624 963 669 1004; x_wconf 84' lang='lat' dir='ltr'>et</span> <span class='ocrx_word' id='word_1_101' title='bbox 685 955 888 1004; x_wconf 81' lang='lat' dir='ltr'>ostendit</span> <span class='ocrx_word' id='word_1_102' title='bbox 906 972 956 1004; x_wconf 90' lang='lat' dir='ltr'>se</span> <span class='ocrx_word' id='word_1_103' title='bbox 975 964 1234 1020; x_wconf 70' lang='lat' dir='ltr'>peccatores</span> <span class='ocrx_word' id='word_1_104' title='bbox 1254 973 1354 1013; x_wconf 87' lang='lat' dir='ltr'>esse</span> <span class='ocrx_word' id='word_1_105' title='bbox 1367 993 1382 1019; x_wconf 86' lang='lat'>‚</span> <span class='ocrx_word' id='word_1_106' title='bbox 1400 960 1446 1006; x_wconf 90' lang='lat' dir='ltr'>in</span> <span class='ocrx_word' id='word_1_107' title='bbox 1462 975 1573 1023; x_wconf 86' lang='lat' dir='ltr'>pec-</span> 
     </span>
     <span class='ocr_line' id='line_1_21' title="bbox 41 1028 915 1092; baseline 0.002 -15"><span class='ocrx_word' id='word_1_108' title='bbox 41 1031 123 1078; x_wconf 89' lang='lat' dir='ltr'>atis</span> <span class='ocrx_word' id='word_1_109' title='bbox 150 1028 409 1087; x_wconf 89' lang='lat' dir='ltr'>involutos;</span> <span class='ocrx_word' id='word_1_110' title='bbox 911 1087 915 1092; x_wconf 39' lang='grc'><em>,</em></span> 
     </span>
    </p>

    <p class='ocr_par' dir='ltr' id='par_1_6' title="bbox 18 1103 1577 1390">
     <span class='ocr_line' id='line_1_22' title="bbox 79 1103 1568 1173; baseline 0.002 -19"><span class='ocrx_word' id='word_1_111' title='bbox 79 1103 144 1154; x_wconf 89' lang='lat' dir='ltr'>Ut</span> <span class='ocrx_word' id='word_1_112' title='bbox 163 1114 346 1170; x_wconf 87' lang='lat' dir='ltr'>peccata</span> <span class='ocrx_word' id='word_1_113' title='bbox 365 1122 442 1153; x_wconf 88' lang='lat' dir='ltr'>sua</span> <span class='ocrx_word' id='word_1_114' title='bbox 463 1113 761 1169; x_wconf 80' lang='lat' dir='ltr'>agnoscentes</span> <span class='ocrx_word' id='word_1_115' title='bbox 778 1141 790 1164; x_wconf 79' lang='lat'>,</span> <span class='ocrx_word' id='word_1_116' title='bbox 819 1122 900 1169; x_wconf 90' lang='lat' dir='ltr'>per</span> <span class='ocrx_word' id='word_1_117' title='bbox 922 1106 1062 1154; x_wconf 86' lang='lat' dir='ltr'>fidem</span> <span class='ocrx_word' id='word_1_118' title='bbox 1083 1116 1364 1157; x_wconf 85' lang='lat' dir='ltr'>recurrerent</span> <span class='ocrx_word' id='word_1_119' title='bbox 1382 1108 1439 1157; x_wconf 89' lang='lat' dir='ltr'>ad</span> <span class='ocrx_word' id='word_1_120' title='bbox 1460 1125 1568 1173; x_wconf 80' lang='lat' dir='ltr'>gra-</span> 
     </span>
     <span class='ocr_line' id='line_1_23' title="bbox 30 1181 1572 1252; baseline 0.001 -18"><span class='ocrx_word' id='word_1_121' title='bbox 30 1186 116 1234; x_wconf 85' lang='lat' dir='ltr'>iam</span> <span class='ocrx_word' id='word_1_122' title='bbox 138 1185 349 1248; x_wconf 85' lang='lat' dir='ltr'>promissi</span> <span class='ocrx_word' id='word_1_123' title='bbox 367 1181 631 1233; x_wconf 88' lang='lat' dir='ltr'>Mediatoris</span> <span class='ocrx_word' id='word_1_124' title='bbox 651 1203 661 1231; x_wconf 88' lang='lat'><strong>:</strong></span> <span class='ocrx_word' id='word_1_125' title='bbox 682 1187 855 1233; x_wconf 79' lang='lat' dir='ltr'>tantum</span> <span class='ocrx_word' id='word_1_126' title='bbox 874 1185 1001 1234; x_wconf 87' lang='lat' dir='ltr'>abest</span> <span class='ocrx_word' id='word_1_127' title='bbox 1023 1201 1133 1248; x_wconf 84' lang='lat' dir='ltr'>ergo</span> <span class='ocrx_word' id='word_1_128' title='bbox 1151 1193 1199 1234; x_wconf 89' lang='lat' dir='ltr'>ut</span> <span class='ocrx_word' id='word_1_129' title='bbox 1221 1186 1297 1235; x_wconf 78' lang='lat' dir='ltr'>lex&#39;</span> <span class='ocrx_word' id='word_1_130' title='bbox 1315 1195 1435 1236; x_wconf 89' lang='lat' dir='ltr'>esset</span> <span class='ocrx_word' id='word_1_131' title='bbox 1454 1205 1572 1252; x_wconf 89' lang='lat' dir='ltr'>pro-</span> 
     </span>
     <span class='ocr_line' id='line_1_24' title="bbox 62 1258 1577 1326; baseline 0.001 -16"><span class='ocrx_word' id='word_1_132' title='bbox 62 1262 216 1310; x_wconf 89' lang='lat' dir='ltr'>issioni</span> <span class='ocrx_word' id='word_1_133' title='bbox 237 1263 474 1321; x_wconf 85' lang='lat' dir='ltr'>contraria,</span> <span class='ocrx_word' id='word_1_134' title='bbox 492 1262 696 1326; x_wconf 74' lang='lat' dir='ltr'>quinimo</span> <span class='ocrx_word' id='word_1_135' title='bbox 715 1264 849 1310; x_wconf 80' lang='lat' dir='ltr'>tacite</span> <span class='ocrx_word' id='word_1_136' title='bbox 866 1259 1078 1310; x_wconf 87' lang='lat' dir='ltr'>homines</span> <span class='ocrx_word' id='word_1_137' title='bbox 1097 1261 1154 1311; x_wconf 91' lang='lat' dir='ltr'>ad</span> <span class='ocrx_word' id='word_1_138' title='bbox 1170 1258 1403 1312; x_wconf 81' lang='lat' dir='ltr'>Christum</span> <span class='ocrx_word' id='word_1_139' title='bbox 1418 1271 1577 1312; x_wconf 87' lang='lat' dir='ltr'>trans-</span> 
     </span>
     <span class='ocr_line' id='line_1_25' title="bbox 18 1340 248 1390; baseline -0.004 -1"><span class='ocrx_word' id='word_1_140' title='bbox 18 1340 248 1390; x_wconf 82' lang='lat' dir='ltr'>mittebat.</span> 
     </span>
    </p>
   </div>
   <div class='ocr_carea' id='block_1_4' title="bbox 11 1454 1590 1913">
    <p class='ocr_par' dir='ltr' id='par_1_7' title="bbox 11 1454 1575 1762">
     <span class='ocr_line' id='line_1_26' title="bbox 79 1454 1574 1525; baseline 0.003 -17"><span class='ocrx_word' id='word_1_141' title='bbox 79 1456 349 1525; x_wconf 72' lang='lat' dir='ltr'>Priusquam</span> <span class='ocrx_word' id='word_1_142' title='bbox 375 1460 554 1507; x_wconf 79' lang='lat' dir='ltr'>veniret</span> <span class='ocrx_word' id='word_1_143' title='bbox 576 1454 784 1507; x_wconf 85' lang='lat' dir='ltr'>Christus</span> <span class='ocrx_word' id='word_1_144' title='bbox 811 1457 902 1508; x_wconf 84' lang='lat' dir='ltr'>fide</span> <span class='ocrx_word' id='word_1_145' title='bbox 927 1459 1182 1510; x_wconf 87' lang='lat' dir='ltr'>credendus</span> <span class='ocrx_word' id='word_1_146' title='bbox 1198 1498 1212 1523; x_wconf 92' lang='lat'>,</span> <span class='ocrx_word' id='word_1_147' title='bbox 1239 1470 1284 1511; x_wconf 88' lang='lat' dir='ltr'>et</span> <span class='ocrx_word' id='word_1_148' title='bbox 1310 1460 1574 1512; x_wconf 81' lang='lat' dir='ltr'>manifesta-</span> 
     </span>
     <span class='ocr_line' id='line_1_27' title="bbox 11 1533 621 1599; baseline -0.007 -11"><span class='ocrx_word' id='word_1_149' title='bbox 11 1544 136 1588; x_wconf 79' lang='lat' dir='ltr'>retur</span> <span class='ocrx_word' id='word_1_150' title='bbox 161 1540 258 1593; x_wconf 74' lang='lat' dir='ltr'>eius</span> <span class='ocrx_word' id='word_1_151' title='bbox 289 1533 589 1599; x_wconf 77' lang='lat' dir='ltr'>Evangelium</span> <span class='ocrx_word' id='word_1_152' title='bbox 609 1573 621 1597; x_wconf 92' lang='lat'>‚</span> 
     </span>
     <span class='ocr_line' id='line_1_28' title="bbox 82 1611 1575 1682; baseline 0.001 -15"><span class='ocrx_word' id='word_1_153' title='bbox 82 1613 184 1667; x_wconf 86' lang='lat' dir='ltr'>Nos</span> <span class='ocrx_word' id='word_1_154' title='bbox 207 1614 356 1666; x_wconf 77' lang='lat' dir='ltr'>Judaei</span> <span class='ocrx_word' id='word_1_155' title='bbox 382 1617 466 1665; x_wconf 88' lang='lat' dir='ltr'>sub</span> <span class='ocrx_word' id='word_1_156' title='bbox 489 1614 692 1664; x_wconf 88' lang='lat' dir='ltr'>custodia</span> <span class='ocrx_word' id='word_1_157' title='bbox 711 1614 845 1678; x_wconf 78' lang='lat' dir='ltr'>legis,</span> <span class='ocrx_word' id='word_1_158' title='bbox 875 1617 920 1663; x_wconf 88' lang='lat' dir='ltr'>in</span> <span class='ocrx_word' id='word_1_159' title='bbox 946 1611 1033 1664; x_wconf 86' lang='lat' dir='ltr'>Dei</span> <span class='ocrx_word' id='word_1_160' title='bbox 1057 1615 1175 1665; x_wconf 87' lang='lat' dir='ltr'>cultu</span> <span class='ocrx_word' id='word_1_161' title='bbox 1200 1618 1575 1682; x_wconf 85' lang='lat' dir='ltr'>continebamur‚</span> 
     </span>
     <span class='ocr_line' id='line_1_29' title="bbox 11 1690 1206 1762; baseline -0.001 -20"><span class='ocrx_word' id='word_1_162' title='bbox 11 1709 337 1762; x_wconf 83' lang='lat' dir='ltr'>poenarumque</span> <span class='ocrx_word' id='word_1_163' title='bbox 357 1693 565 1758; x_wconf 84' lang='lat' dir='ltr'>legalium</span> <span class='ocrx_word' id='word_1_164' title='bbox 590 1690 832 1740; x_wconf 84' lang='lat' dir='ltr'>formidine</span> <span class='ocrx_word' id='word_1_165' title='bbox 855 1693 1178 1741; x_wconf 86' lang='lat' dir='ltr'>coercebamur</span> <span class='ocrx_word' id='word_1_166' title='bbox 1194 1729 1206 1751; x_wconf 85' lang='lat'><strong>‚</strong></span> 
     </span>
    </p>

    <p class='ocr_par' dir='ltr' id='par_1_8' title="bbox 11 1766 1590 1913">
     <span class='ocr_line' id='line_1_30' title="bbox 84 1766 1576 1836; baseline 0.001 -16"><span class='ocrx_word' id='word_1_167' title='bbox 84 1769 245 1836; x_wconf 89' lang='lat' dir='ltr'>Usque</span> <span class='ocrx_word' id='word_1_168' title='bbox 264 1771 321 1820; x_wconf 87' lang='lat' dir='ltr'>ad</span> <span class='ocrx_word' id='word_1_169' title='bbox 338 1779 516 1834; x_wconf 90' lang='lat' dir='ltr'>tempus</span> <span class='ocrx_word' id='word_1_170' title='bbox 540 1787 629 1832; x_wconf 87' lang='lat' dir='ltr'>quo</span> <span class='ocrx_word' id='word_1_171' title='bbox 653 1768 770 1818; x_wconf 73' lang='lat' dir='ltr'>fides</span> <span class='ocrx_word' id='word_1_172' title='bbox 788 1770 926 1818; x_wconf 77' lang='lat' dir='ltr'>nobis</span> <span class='ocrx_word' id='word_1_173' title='bbox 947 1786 1028 1835; x_wconf 87' lang='lat' dir='ltr'>per</span> <span class='ocrx_word' id='word_1_174' title='bbox 1051 1766 1284 1819; x_wconf 79' lang='lat' dir='ltr'>Christum</span> <span class='ocrx_word' id='word_1_175' title='bbox 1316 1779 1409 1820; x_wconf 88' lang='lat' dir='ltr'>erat</span> <span class='ocrx_word' id='word_1_176' title='bbox 1431 1789 1576 1822; x_wconf 83' lang='lat' dir='ltr'>reve-</span> 
     </span>
     <span class='ocr_line' id='line_1_31' title="bbox 11 1845 1590 1913; baseline 0.002 -14"><span class='ocrx_word' id='word_1_177' title='bbox 11 1847 168 1911; x_wconf 70' lang='lat' dir='ltr'>landa,</span> <span class='ocrx_word' id='word_1_178' title='bbox 194 1865 274 1897; x_wconf 86' lang='lat' dir='ltr'>seu</span> <span class='ocrx_word' id='word_1_179' title='bbox 302 1865 391 1913; x_wconf 87' lang='lat' dir='ltr'>quo</span> <span class='ocrx_word' id='word_1_180' title='bbox 418 1865 498 1912; x_wconf 89' lang='lat' dir='ltr'>per</span> <span class='ocrx_word' id='word_1_181' title='bbox 530 1845 760 1896; x_wconf 89' lang='lat' dir='ltr'>Christum</span> <span class='ocrx_word' id='word_1_182' title='bbox 794 1847 1067 1897; x_wconf 80' lang='lat' dir='ltr'>revelaretur</span> <span class='ocrx_word' id='word_1_183' title='bbox 1092 1849 1228 1897; x_wconf 89' lang='lat' dir='ltr'>nobis</span> <span class='ocrx_word' id='word_1_184' title='bbox 1257 1845 1590 1913; x_wconf 63' lang='lat' dir='ltr'>Evangeliums</span> 
     </span>
    </p>
   </div>
   <div class='ocr_carea' id='block_1_5' title="bbox 15 1984 1579 2282">
    <p class='ocr_par' dir='ltr' id='par_1_9' title="bbox 15 1984 1579 2282">
     <span class='ocr_line' id='line_1_32' title="bbox 86 1984 1579 2055; baseline -0.001 -15"><span class='ocrx_word' id='word_1_185' title='bbox 86 1988 246 2055; x_wconf 87' lang='lat' dir='ltr'>Itaque</span> <span class='ocrx_word' id='word_1_186' title='bbox 275 1989 349 2038; x_wconf 80' lang='lat' dir='ltr'>lex</span> <span class='ocrx_word' id='word_1_187' title='bbox 377 1986 613 2051; x_wconf 80' lang='lat' dir='ltr'>paedagogi</span> <span class='ocrx_word' id='word_1_188' title='bbox 639 1988 775 2035; x_wconf 88' lang='lat' dir='ltr'>nobis</span> <span class='ocrx_word' id='word_1_189' title='bbox 808 1985 958 2035; x_wconf 81' lang='lat' dir='ltr'>officio</span> <span class='ocrx_word' id='word_1_190' title='bbox 988 1984 1139 2036; x_wconf 80' lang='lat' dir='ltr'>functa</span> <span class='ocrx_word' id='word_1_191' title='bbox 1166 1999 1234 2036; x_wconf 85' lang='lat' dir='ltr'>est</span> <span class='ocrx_word' id='word_1_192' title='bbox 1267 2006 1277 2035; x_wconf 89' lang='lat'>:</span> <span class='ocrx_word' id='word_1_193' title='bbox 1309 2005 1397 2038; x_wconf 91' lang='lat' dir='ltr'>nos</span> <span class='ocrx_word' id='word_1_194' title='bbox 1429 1987 1579 2039; x_wconf 84' lang='lat' dir='ltr'>adhue</span> 
     </span>
     <span class='ocr_line' id='line_1_33' title="bbox 17 2062 1579 2132; baseline 0.001 -17"><span class='ocrx_word' id='word_1_195' title='bbox 17 2066 227 2132; x_wconf 86' lang='lat' dir='ltr'>parvulos</span> <span class='ocrx_word' id='word_1_196' title='bbox 258 2069 283 2114; x_wconf 77' lang='lat' dir='ltr'>a</span> <span class='ocrx_word' id='word_1_197' title='bbox 313 2067 434 2112; x_wconf 82' lang='lat' dir='ltr'>vitiis</span> <span class='ocrx_word' id='word_1_198' title='bbox 465 2065 686 2119; x_wconf 79' lang='lat' dir='ltr'>coercuit3</span> <span class='ocrx_word' id='word_1_199' title='bbox 725 2062 816 2113; x_wconf 90' lang='lat' dir='ltr'>Dei</span> <span class='ocrx_word' id='word_1_200' title='bbox 853 2065 1114 2128; x_wconf 81' lang='lat' dir='ltr'>cognitione</span> <span class='ocrx_word' id='word_1_201' title='bbox 1148 2066 1340 2124; x_wconf 83' lang='lat' dir='ltr'>imbuit;</span> <span class='ocrx_word' id='word_1_202' title='bbox 1378 2068 1579 2116; x_wconf 88' lang='lat' dir='ltr'>imbutos</span> 
     </span>
     <span class='ocr_line' id='line_1_34' title="bbox 15 2140 1578 2210; baseline 0.001 -17"><span class='ocrx_word' id='word_1_203' title='bbox 15 2143 76 2193; x_wconf 81' lang='lat' dir='ltr'>ad</span> <span class='ocrx_word' id='word_1_204' title='bbox 103 2141 332 2193; x_wconf 88' lang='lat' dir='ltr'>Christum</span> <span class='ocrx_word' id='word_1_205' title='bbox 362 2142 597 2206; x_wconf 78' lang='lat' dir='ltr'>sapientiae</span> <span class='ocrx_word' id='word_1_206' title='bbox 627 2143 964 2205; x_wconf 75' lang='lat' dir='ltr'>magistrumet</span> <span class='ocrx_word' id='word_1_207' title='bbox 1000 2144 1176 2203; x_wconf 83' lang='lat' dir='ltr'>justitiae</span> <span class='ocrx_word' id='word_1_208' title='bbox 1210 2140 1384 2191; x_wconf 78' lang='lat' dir='ltr'>fontem</span> <span class='ocrx_word' id='word_1_209' title='bbox 1404 2180 1418 2205; x_wconf 87' lang='lat'>‚</span> <span class='ocrx_word' id='word_1_210' title='bbox 1452 2147 1578 2210; x_wconf 90' lang='lat' dir='ltr'>quasi</span> 
     </span>
     <span class='ocr_line' id='line_1_35' title="bbox 16 2214 1300 2282; baseline -0.002 -12"><span class='ocrx_word' id='word_1_211' title='bbox 16 2236 157 2270; x_wconf 86' lang='lat' dir='ltr'>manu</span> <span class='ocrx_word' id='word_1_212' title='bbox 184 2219 342 2278; x_wconf 81' lang='lat' dir='ltr'>duxit,</span> <span class='ocrx_word' id='word_1_213' title='bbox 366 2226 415 2268; x_wconf 89' lang='lat' dir='ltr'>ut</span> <span class='ocrx_word' id='word_1_214' title='bbox 437 2235 495 2268; x_wconf 85' lang='lat' dir='ltr'>ex</span> <span class='ocrx_word' id='word_1_215' title='bbox 517 2219 613 2280; x_wconf 83' lang='lat' dir='ltr'>ejus</span> <span class='ocrx_word' id='word_1_216' title='bbox 634 2217 728 2267; x_wconf 89' lang='lat' dir='ltr'>fide</span> <span class='ocrx_word' id='word_1_217' title='bbox 752 2214 970 2281; x_wconf 86' lang='lat' dir='ltr'>justitiam</span> <span class='ocrx_word' id='word_1_218' title='bbox 991 2234 1300 2282; x_wconf 85' lang='lat' dir='ltr'>assequamur.</span> 
     </span>
    </p>
   </div>
   <div class='ocr_carea' id='block_1_6' title="bbox 15 2354 1579 2499">
    <p class='ocr_par' dir='ltr' id='par_1_10' title="bbox 15 2354 1579 2499">
     <span class='ocr_line' id='line_1_36' title="bbox 15 2354 1579 2425; baseline -0.001 -17"><span class='ocrx_word' id='word_1_219' title='bbox 15 2406 34 2419; x_wconf 20' lang='lat'>,⁴</span> <span class='ocrx_word' id='word_1_220' title='bbox 88 2358 341 2423; x_wconf 84' lang='lat' dir='ltr'>Postquam</span> <span class='ocrx_word' id='word_1_221' title='bbox 362 2366 511 2406; x_wconf 89' lang='lat' dir='ltr'>autem</span> <span class='ocrx_word' id='word_1_222' title='bbox 530 2358 588 2407; x_wconf 89' lang='lat' dir='ltr'>ad</span> <span class='ocrx_word' id='word_1_223' title='bbox 614 2354 844 2408; x_wconf 87' lang='lat' dir='ltr'>Christum</span> <span class='ocrx_word' id='word_1_224' title='bbox 864 2375 944 2425; x_wconf 88' lang='lat' dir='ltr'>per</span> <span class='ocrx_word' id='word_1_225' title='bbox 964 2357 1105 2407; x_wconf 88' lang='lat' dir='ltr'>fidem</span> <span class='ocrx_word' id='word_1_226' title='bbox 1126 2356 1367 2408; x_wconf 88' lang='lat' dir='ltr'>introducti</span> <span class='ocrx_word' id='word_1_227' title='bbox 1391 2374 1546 2407; x_wconf 87' lang='lat' dir='ltr'>sumus</span> <span class='ocrx_word' id='word_1_228' title='bbox 1563 2393 1579 2420; x_wconf 90' lang='lat'>‚</span> 
     </span>
     <span class='ocr_line' id='line_1_37' title="bbox 21 2432 642 2499; baseline -0.006 -12"><span class='ocrx_word' id='word_1_229' title='bbox 21 2437 216 2486; x_wconf 85' lang='lat' dir='ltr'>cessavit</span> <span class='ocrx_word' id='word_1_230' title='bbox 238 2433 495 2499; x_wconf 74' lang='lat' dir='ltr'>paedagogia</span> <span class='ocrx_word' id='word_1_231' title='bbox 515 2432 642 2498; x_wconf 79' lang='lat' dir='ltr'>legis·</span> 
     </span>
    </p>
   </div>
   <div class='ocr_carea' id='block_1_7' title="bbox 23 2585 1583 2886">
    <p class='ocr_par' dir='ltr' id='par_1_11' title="bbox 23 2585 1583 2886">
     <span class='ocr_line' id='line_1_38' title="bbox 96 2585 1579 2654; baseline -0.001 -12"><span class='ocrx_word' id='word_1_232' title='bbox 96 2590 278 2642; x_wconf 86' lang='lat' dir='ltr'>Omnes</span> <span class='ocrx_word' id='word_1_233' title='bbox 302 2592 422 2639; x_wconf 86' lang='lat' dir='ltr'>enim</span> <span class='ocrx_word' id='word_1_234' title='bbox 441 2625 454 2650; x_wconf 85' lang='lat'>,</span> <span class='ocrx_word' id='word_1_235' title='bbox 479 2592 578 2639; x_wconf 82' lang='lat' dir='ltr'>sive</span> <span class='ocrx_word' id='word_1_236' title='bbox 602 2585 781 2652; x_wconf 87' lang='lat' dir='ltr'>Judaei‚</span> <span class='ocrx_word' id='word_1_237' title='bbox 805 2593 903 2639; x_wconf 86' lang='lat' dir='ltr'>sive</span> <span class='ocrx_word' id='word_1_238' title='bbox 928 2588 1157 2648; x_wconf 76' lang='lat' dir='ltr'>GentileS,</span> <span class='ocrx_word' id='word_1_239' title='bbox 1181 2592 1256 2654; x_wconf 89' lang='lat' dir='ltr'>qui</span> <span class='ocrx_word' id='word_1_240' title='bbox 1278 2593 1326 2639; x_wconf 89' lang='lat' dir='ltr'>in</span> <span class='ocrx_word' id='word_1_241' title='bbox 1348 2587 1579 2640; x_wconf 89' lang='lat' dir='ltr'>Christum</span> 
     </span>
     <span class='ocr_line' id='line_1_39' title="bbox 25 2667 1583 2733; baseline 0 -15"><span class='ocrx_word' id='word_1_242' title='bbox 25 2668 276 2718; x_wconf 87' lang='lat' dir='ltr'>credidistis</span> <span class='ocrx_word' id='word_1_243' title='bbox 297 2676 343 2716; x_wconf 88' lang='lat' dir='ltr'>et</span> <span class='ocrx_word' id='word_1_244' title='bbox 362 2667 547 2716; x_wconf 87' lang='lat' dir='ltr'>credere</span> <span class='ocrx_word' id='word_1_245' title='bbox 569 2671 864 2733; x_wconf 86' lang='lat' dir='ltr'>perseveratis</span> <span class='ocrx_word' id='word_1_246' title='bbox 886 2708 895 2731; x_wconf 92' lang='lat'><em>,</em></span> <span class='ocrx_word' id='word_1_247' title='bbox 919 2668 1010 2718; x_wconf 79' lang='lat' dir='ltr'>side</span> <span class='ocrx_word' id='word_1_248' title='bbox 1031 2685 1111 2732; x_wconf 89' lang='lat' dir='ltr'>per</span> <span class='ocrx_word' id='word_1_249' title='bbox 1137 2667 1430 2717; x_wconf 85' lang='lat' dir='ltr'>dilectionem</span> <span class='ocrx_word' id='word_1_250' title='bbox 1463 2685 1583 2733; x_wconf 82' lang='lat' dir='ltr'>ope·</span> 
     </span>
     <span class='ocr_line' id='line_1_40' title="bbox 23 2742 1581 2813; baseline 0.002 -19"><span class='ocrx_word' id='word_1_251' title='bbox 23 2754 180 2805; x_wconf 82' lang='lat' dir='ltr'>rante,</span> <span class='ocrx_word' id='word_1_252' title='bbox 204 2748 310 2795; x_wconf 86' lang='lat' dir='ltr'>estis</span> <span class='ocrx_word' id='word_1_253' title='bbox 332 2744 409 2794; x_wconf 84' lang='lat' dir='ltr'>filii</span> <span class='ocrx_word' id='word_1_254' title='bbox 436 2742 550 2803; x_wconf 79' lang='lat' dir='ltr'>Dei3</span> <span class='ocrx_word' id='word_1_255' title='bbox 579 2745 683 2805; x_wconf 83' lang='lat' dir='ltr'>filii,</span> <span class='ocrx_word' id='word_1_256' title='bbox 713 2748 894 2810; x_wconf 81' lang='lat' dir='ltr'>inquam</span> <span class='ocrx_word' id='word_1_257' title='bbox 914 2783 927 2807; x_wconf 88' lang='lat'>‚</span> <span class='ocrx_word' id='word_1_258' title='bbox 954 2745 1119 2807; x_wconf 86' lang='lat' dir='ltr'>adulti,</span> <span class='ocrx_word' id='word_1_259' title='bbox 1142 2745 1337 2813; x_wconf 77' lang='lat' dir='ltr'>ideoque</span> <span class='ocrx_word' id='word_1_260' title='bbox 1359 2746 1418 2796; x_wconf 89' lang='lat' dir='ltr'>ad</span> <span class='ocrx_word' id='word_1_261' title='bbox 1435 2745 1581 2813; x_wconf 81' lang='lat' dir='ltr'>legem</span> 
     </span>
     <span class='ocr_line' id='line_1_41' title="bbox 25 2820 1207 2886; baseline -0.001 -15"><span class='ocrx_word' id='word_1_262' title='bbox 25 2828 70 2872; x_wconf 87' lang='lat' dir='ltr'>et</span> <span class='ocrx_word' id='word_1_263' title='bbox 95 2820 393 2886; x_wconf 71' lang='lat' dir='ltr'>paedagogum</span> <span class='ocrx_word' id='word_1_264' title='bbox 415 2835 646 2870; x_wconf 86' lang='lat' dir='ltr'>recurrere</span> <span class='ocrx_word' id='word_1_265' title='bbox 674 2838 765 2871; x_wconf 90' lang='lat' dir='ltr'>non</span> <span class='ocrx_word' id='word_1_266' title='bbox 792 2820 971 2873; x_wconf 84' lang='lat' dir='ltr'>habetis</span> <span class='ocrx_word' id='word_1_267' title='bbox 1000 2836 1207 2871; x_wconf 86' lang='lat' dir='ltr'>necesse.</span> 
     </span>
    </p>
   </div>
  </div>
 </body>
</html>
