1794 3210
294 150 297 153 v
375 124 593 162 minax
627 81 914 161 Exposrrm.
952 106 1072 175 Cap.
1106 103 1210 159 Xl.
1247 124 1271 150 »·
1482 103 1578 163 231

0 190 379 265 hudesdlcere,
366 218 378 229 ·
403 194 510 263 hic,
535 199 748 265 inquam,
775 198 856 248 ubi
874 196 1020 261 agitur
1039 197 1096 246 de
1117 188 1592 262 apostolatfis'su'i'tui-

0 284 178 342 tione,
188 279 263 330 de
286 278 659 343 praedicationum
676 291 856 324 suarum
878 273 1046 335 fructu,
1067 274 1126 324 de
1147 277 1397 326 animarum
1418 273 1587 342 salute,

0 367 134 425 squas
147 373 234 422 per
256 352 559 419 Evangelium
600 347 793 401 Christo
818 359 1064 415 genuerat,
1093 354 1280 401 veniam
1315 349 1469 404 tamen
1503 359 1593 409 sibi

0 433 246 492 2multoties
267 439 502 498 precatum
526 429 821 492 insipientem
840 443 890 476 se
911 424 1078 491 pluries
1098 425 1236 490 dicit,
1259 427 1594 483 humilitatem-

15 529 106 578 que
132 512 377 560 maximam
398 523 491 572 prae
507 523 556 555 se
573 504 692 563 fert,
721 514 878 556 contra
895 505 1142 556 ordinarias
1161 506 1424 559 humilitatis
1446 527 1593 577 regu-

15 588 80 640 las
93 599 239 654 agere
266 594 490 653 coactus.

83 657 141 718 JV.
167 684 214 716 2.
240 665 460 716 AEmulor
485 666 610 713 enim
637 681 751 714 vos..
758 658 878 713 .Gr.
917 662 1018 714 zelo
1046 681 1148 715 vos,
1183 662 1290 732 Syr.
1315 682 1425 716 nam
1460 668 1594 720 zelo-

11 750 154 810 typus
178 753 280 793 sum
302 759 407 808 erga
428 758 534 791 vos.

3 855 26 878 ι.
87 816 196 872 Dat
213 822 437 871 rationem
459 827 505 869 et
528 836 606 869 cur
627 818 847 884 desipiat,
874 826 920 868 et
944 835 1022 867 cur
1042 820 1355 885 insipientiam
1379 826 1476 888 ejus
1494 819 1594 874 de·-

16 905 156 969 beant
178 902 369 953 tolerare
400 895 651 952 Corinthii.

87 981 167 1040 Ad
204 982 324 1033 hanc
359 984 485 1032 enim
519 983 735 1046 ineptiam
772 979 956 1029 deducit
993 998 1096 1042 me,
1135 999 1229 1031 non
1254 980 1350 1033 mei
1380 987 1595 1052 proprius

19 1052 178 1122 amor',
198 1055 417 1127 *sed'Dei
441 1065 487 1109 e't
508 1056 648 1108 vestri
671 1055 928 1107 vehemens
950 1066 995 1106 et
1016 1076 1151 1122 purus
1173 1076 1316 1111 amor.

88 1137 323 1191 Ardenter
343 1154 431 1186 vos
452 1138 500 1186 in
525 1133 680 1187 Deum
707 1135 921 1201 depereo.
950 1132 1193 1202 Gagoaeus,

88 1215 345 1283 Zelotypus
365 1233 466 1266 sum
489 1231 594 1279 erga
616 1230 701 1262 vos
717 1250 731 1274 ‚
754 1212 985 1280 zelotypia
1020 1213 1202 1274 laboro;
1237 1214 1308 1267 eo*
1332 1213 1595 1267 vos'amore

19 1295 158 1360 diligo
175 1331 188 1355 ‚
219 1296 298 1359 qui
316 1291 585 1343 corrivalem
607 1307 703 1340 non
726 1292 905 1354 patitur.
1378 1310 1382 1314 ¹

89 1372 188 1422 Dei
201 1372 515 1420 aemulatione.
542 1366 607 1419 At
630 1368 729 1418 zelo
755 1365 842 1416 Dei
865 1385 969 1432 erga
992 1386 1076 1418 vos
1102 1369 1344 1439 zelotypus
1371 1389 1501 1435 sum,

87 1447 204 1500 Non
224 1449 316 1499 mei
341 1446 471 1507 causa
491 1486 506 1508 ‚
535 1446 620 1497 sed
640 1444 735 1496 Dei
763 1444 894 1496 causa
919 1454 964 1496 et
985 1447 1137 1497 salutis
1155 1457 1325 1518 yestrae
1345 1450 1463 1501 zelo;

57 1525 180 1594 Erga
194 1545 278 1577 vos
294 1544 394 1576 sum
408 1526 670 1592 zelotypuS‚
686 1527 800 1574 sicut
814 1532 859 1575 et
873 1523 1001 1575 Deus
1013 1543 1116 1591 erga
1132 1545 1217 1577 nos
1232 1527 1394 1578 dicitur
1404 1529 1591 1592 zelotes,

20 1621 122 1655 non
138 1612 188 1656 ut
207 1605 304 1668 ipse
327 1601 672 1668 quaestumhinc
698 1600 855 1664 faciat,
881 1601 961 1651 sed
986 1612 1035 1651 ut
1054 1605 1246 1657 salutem
1261 1609 1403 1657 nobis
1413 1606 1592 1659 efferat.

92 1681 333 1745 Despondi
356 1681 479 1729 enim
499 1697 616 1729 vos..
621 1675 764 1743 ,Syn
787 1676 1012 1742 despondi
1037 1683 1161 1731 enim
1190 1699 1275 1732 vos
1297 1685 1397 1733 viro
1428 1685 1596 1747 ιιιιίεο,

0 1759 252 1822 'virginem
275 1765 473 1815 castam,
501 1771 638 1820 quam
662 1753 852 1804 offeram
881 1752 1081 1807 Christo.

92 1828 308 1901 Explicat
329 1852 407 1884 cur
429 1841 474 1884 et
494 1832 728 1898 quomodo
752 1849 854 1896 erga
878 1833 977 1882 illos
994 1837 1051 1884 sit
1076 1831 1165 1885 Dei
1185 1836 1285 1886 zelo
1309 1837 1581 1905 zelotypus„-

16 1962 21 1974 ἶ
73 1907 173 1961 ³Ex
197 1928 286 1961 una
304 1917 448 1977 parte,
474 1926 559 1974 ego
593 1917 805 1975 tanquam
824 1909 1118 1973 spiritualium
1136 1914 1391 1977 nuptiarum
1413 1929 1598 1979 pronu-

24 1988 113 2039 bus
132 1996 180 2039 et
198 1989 464 2058 conciliator
477 2023 492 2047 ,
513 2004 600 2050 per
619 1987 761 2037 fidem
783 2006 893 2048 vos,
915 1987 961 2037 id
982 1997 1080 2051 est,
1102 1986 1357 2043 Ecclesiam
1376 1999 1595 2055 vestram3

24 2066 252 2133 despondi
288 2068 366 2116 uni
404 2068 503 2116 viro
523 2101 536 2125 ‚
579 2064 748 2115 scilicet
785 2059 1015 2127 Christ0,
1055 2076 1101 2118 et
1158 2086 1261 2120 eam
1301 2072 1409 2123 volo
1440 2078 1599 2142 'virgi-

15 2163 132 2203 ‚nem
157 2153 363 2195 castam
355 2179 369 2204 ‚
400 2150 449 2193 et
482 2145 703 2208 integram
726 2142 789 2192 illi
813 2150 1028 2207 tanquam
1046 2147 1207 2196 marito
1227 2146 1460 2202 exhibere.

92 2211 153 2272 57.-
171 2219 220 2271 3.
247 2220 406 2269 Timeo
426 2228 636 2276 autem...
662 2215 739 2269 Ex
775 2218 858 2269 alia
881 2227 1006 2286 parte
1028 2237 1194 2271 vereor
1221 2240 1281 2273 ne
1314 2226 1430 2275 sicut
1456 2224 1599 2281 Sata-

20 2285 139 2361 nas,
167 2299 254 2349 sub
290 2302 516 2375 serpentis
537 2296 680 2364 figura
705 2298 872 2363 latens,
899 2295 1051 2350 Evam
1083 2301 1267 2353 seduxit
1302 2304 1475 2356 astutia
1482 2305 1596 2369 sua}

23 2389 109 2445 sic·
126 2395 175 2439 et
200 2404 282 2454 per
318 2385 406 2438 hos
445 2388 886 2460 pseudoapostolOS‚
911 2386 1094 2443 Satanae
1120 2395 1384 2480 ministros,
1417 2407 1601 2451 mentes

12 2473 192 2516 *vestrae
213 2473 559 2533 corrumpantur
579 2469 839 2528 erroribus;
878 2484 911 2498 ·’
991 2512 997 2520 .

54 2545 162 2594 Et
179 2545 418 2594 excidatis
433 2546 466 2593 ὰ
485 2547 813 2611 simplicitate,
844 2565 948 2614 quoe
964 2550 1070 2598 est
1048 2569 1098 2599 m
1122 2546 1335 2618 Christo,
1352 2553 1399 2604 id
1421 2562 1521 2618 est,
1552 2565 1602 2608 et

26 2623 242 2675 excidant
264 2625 336 2674 ab
363 2621 436 2674 illa
468 2622 578 2675 fidei
607 2633 654 2676 et
676 2642 858 2677 morum
880 2627 1195 2694 simplicitate,
1235 2648 1338 2697 quae
1359 2629 1600 2686 Christia-

24 2715 137 2751 num
159 2699 1429 2753 decet..
1557 2743 1590 2751 -ι

94 2773 179 2828 Gr.
200 2778 262 2828 ita
285 2785 631 2854 corrumpantur
663 2789 845 2833 mentes
879 2789 1045 2835 vestrae
1071 2785 1099 2835 a
1133 2784 1437 2853 simplicitate
1456 2788 1567 2841 ina
1551 2810 1603 2844 ιιι
1641 2793 1644 2796 ’

26 2848 278 2905 Christum.
307 2851 418 2922 Syr.
445 2872 565 2924 quae
578 2864 647 2911 est
669 2871 777 2926 erga
800 2854 1067 2926 Christum,
1095 2860 1144 2913 id
1170 2870 1265 2930 est,
1295 2861 1384 2935 qua
1405 2866 1604 2922 creditur

26 2933 79 2984 in
112 2929 281 2986 Jesum
316 2933 569 2990 Christum.
603 2966 605 2968 -
636 2948 639 2952 ’
