1794 3210
394 95 626 154 τιιιιῐιεκ
662 113 950 154 ExposmO.
987 96 1243 168 calel.
1494 99 1592 154 381

11 186 69 233 2³⁶²
94 186 197 253 Qui
218 184 333 240 Deo
355 187 566 251 credunt,
582 205 662 238 seu
681 186 861 248 fideles,
887 195 992 237 sunt
1014 185 1270 254 spirituales
1286 185 1432 240 fidelis
1449 181 1598 237 Ahm-

5 253 104 320 -iinae
129 269 222 330 fini,
248 278 296 320 et
317 268 366 318 hi
399 267 697 332 justificantur
713 270 828 316 sicut
847 262 1104 326 Abraham,
1137 265 1315 315 iliorum
1338 273 1496 332 pater:
1515 273 1606 317 ab

15 333 116 416 ἠοῖ
138 343 376 398 Abraham
401 347 501 396 sine
523 344 865 395 circumcisione
896 350 941 391 et
967 345 1065 392 sine
1102 344 1314 407 operibus
1341 343 1485 408 iegis‚
1513 358 1599 408 per

29 421 175 472 fidem
200 422 465 485 justificatus
501 428 596 477 est,
625 415 750 467 sacri}
789 413 1020 482 Scriptura
1046 425 1178 467 teste.
1204 413 1378 468 GeneS.
1420 417 1498 467 15
1525 414 1593 476 ὃς

29 514 139 564 ergo
166 506 212 550 et
237 497 412 558 fidem,
436 512 516 545 seu
532 493 781 560 spirituales
800 490 1000 544 Abrahae
1020 494 1117 557 filii,
1140 495 1327 559 ejusque
1355 493 1502 543 fidei
1489 495 1599 542 uni-

31 583 222 637 tatores,
244 590 330 640 per
354 571 495 622 fidem
531 569 842 635 justificantur,
865 571 974 619 sicut
998 566 1201 621 Abrahae
1223 570 1487 635 praedictum
1507 575 1596 630 est,

30 653 357 702 benedicentur
375 652 422 698 in
459 659 570 698 tem.
599 647 646 696 id
672 655 771 707 est,
801 647 858 697 ad
886 648 953 697 tui
974 644 1316 698 similitudinem
1350 661 1431 712 per
1454 645 1599 696 fidem

27 730 388 795 justificabantur
420 743 584 776 omnes
618 728 827 776 nationes
845 764 857 788 ‚
898 734 944 776 et
972 726 1160 775 tandem
1182 732 1336 773 tecum
1357 722 1542 772 audient
1570 727 1598 772 ὸ

30 809 240 873 Christo,
267 810 359 859 filio
383 805 472 858 Dei
523 815 567 857 et
588 814 665 856 iuo
689 826 700 855 ε
732 808 778 855 V
778 808 928 866 em'le,v
951 808 1180 856 benedicti
1197 806 1359 854 Patris
1379 807 1473 852 mei
1487 800 1602 864 Dei,

30 903 134 937 cum
157 885 405 936 benedicto
421 892 546 950 patre
572 899 679 933 meo
701 879 1276 947 Abraham,‘poss1'dele....

102 960 230 1012 Hinc
252 964 298 1011 in
328 961 402 1010 die
424 959 667 1026 sepulturae
686 957 888 1008 fidelium
913 958 1225 1024 decantamus,
1252 961 1298 1009 in
1321 956 1595 1024 paradisum,

32 1045 142 1101 ete„
167 1040 280 1088 etin
303 1041 453 1087 sinum
479 1032 681 1086 Abrahae
713 1035 938 1084 deducant
973 1043 1036 1097 te,
1066 1044 1153 1085 ete.

434 1242 438 1247 ¹
510 1193 831 1231 osssssuvmro
867 1195 1113 1232 momnis.

101 1329 313 1395 Quantus
331 1335 486 1398 itaque
505 1333 740 1384 thesaurus
756 1333 888 1398 fides,
908 1351 1009 1400 quae
1027 1342 1244 1385 aeternam
1267 1335 1597 1389 beatitudinem

32 1415 80 1463 in
104 1429 153 1463 se
176 1417 401 1465 continet!

103 1489 279 1557 Quanti
308 1496 440 1559 igitur
463 1492 725 1544 thesaurum
750 1494 874 1545 hune
901 1494 1122 1547 debemus
1156 1499 1409 1549 aestimare!
1445 1516 1600 1566 quan-

35 1571 133 1619 tum
177 1567 465 1621 desiderare!
496 1579 666 1636 quanto
694 1572 856 1622 ardore
879 1574 1129 1639 postulare!
1166 1575 1390 1637 Domine,
1421 1577 1603 1643 adauge

35 1649 352 1714 nobisfidem.

102 1722 198 1775 Sed
237 1730 339 1793 quia
371 1727 486 1778 fides
511 1724 719 1780 Abrahae
756 1739 924 1780 nostrae
947 1730 1054 1780 fidei
1088 1738 1157 1780 est
1190 1747 1376 1796 norma,
1405 1733 1601 1784 observa

36 1818 139 1867 quae
165 1802 300 1855 fuerit
322 1806 438 1856 fides
472 1802 687 1866 Abrqhae.

107 1885 354 1935 Abraham
380 1887 575 1936 credidit
595 1889 727 1949 Deo,
754 1888 802 1938 id
826 1897 910 1952 est,
931 1889 1073 1939 fidem
1094 1888 1252 1940 habuit
1276 1888 1383 1941 Deo
1402 1893 1600 1958 promit-

27 1965 143 2014 tenti
165 1980 265 2014 rem
288 1965 549 2017 naturaiiter
573 1968 905 2033 impossibilem
921 2006 935 2033 ‚
964 1969 1166 2033 scilicet,
1194 1969 1339 2021 filium
1369 1986 1430 2022 ex
1455 1987 1602 2022 uxore

33 2041 172 2092 sterili
200 2049 248 2092 et
270 2059 400 2094 sene.
1602 2103 1605 2107 .

23 2150 26 2152 ·
103 2115 184 2173 Ad
207 2119 298 2170 hoc
329 2124 694 2191 praesupponitur
725 2125 849 2189 quod
877 2127 1114 2191 magnifice
1147 2128 1338 2176 senserit
1377 2126 1438 2177 de
1463 2122 1599 2191 Deo',

41 2195 103 2247 de
127 2195 220 2247 Dei
245 2203 466 2264 potentia,
496 2200 556 2250 de
576 2197 665 2249 Dei
698 2202 916 2253 fidelitate
944 2205 989 2252 in
1016 2206 1251 2268 promissis
1278 2203 1532 2255 servandis.

104 2269 235 2324 Hinc
259 2282 304 2324 et
327 2277 377 2326 in
398 2273 783 2342 Deum1magnam
802 2277 959 2330 habuit
979 2280 1219 2331 fiduciam:
1244 2281 1303 2329 In
1323 2298 1450 2345 spem
1473 2297 1594 2329 con-

39 2361 118 2400 tra
140 2369 286 2416 spem.

102 2427 238 2482 Hinc·
259 2439 306 2482 et
333 2429 442 2482 Deo
467 2433 515 2482 in
545 2434 760 2484 omnibus
795 2431 1024 2500 obedivit,
1055 2452 1203 2502 usque
1239 2434 1297 2486 ad
1323 2429 1470 2486 Isaaci
1494 2435 1604 2485 uni·

35 2508 179 2572 geniti
198 2509 276 2557 fitii
297 2513 365 2559 sui
389 2508 764 2562 immolationem.

99 2579 178 2634 Sic
202 2582 309 2636 Deo
349 2585 541 2636 credens
565 2583 805 2637 Abraham
837 2590 980 2651 justus
1012 2588 1154 2640 factus
1175 2596 1264 2653 est,
1290 2590 1462 2638 amicus
1489 2585 1602 2652 Dei,

33 2659 237 2712 fidelium
255 2666 465 2714 omniurn
482 2673 611 2732 pater
632 2673 678 2716 et
700 2666 950 2732 exemplar.

101 2733 181 2787 Sic
211 2740 346 2804 igitur
368 2749 414 2792 et
447 2748 495 2791 tu
518 2740 654 2792 crede
674 2739 783 2794 Deo
806 2762 818 2792 :
845 2760 941 2794 non
963 2743 1091 2795 nude
1128 2750 1175 2794 et
1200 2742 1477 2810 specutative
1495 2749 1607 2796 tan-

27 2815 137 2867 tum
156 2812 262 2867 Deo
301 2818 585 2881 eredendum
618 2828 717 2884 est,
741 2821 827 2871 sed
847 2824 1007 2872 revere
1031 2830 1077 2872 et
1101 2821 1159 2872 de
1191 2820 1330 2873 sacto·

41 2960 43 2963 Α
104 2888 268 2948 Primo
294 2901 464 2967 itaque,
489 2897 550 2950 de
574 2895 686 2950 Deo
704 2914 888 2968 semper
909 2900 1153 2967 magnifiee
1180 2901 1315 2955 senti.
