1754 3210
0 160 2 181 ἱ
27 136 36 178 t
414 111 637 151 uranx
671 112 969 151 Exposl‘rlo.
995 96 1115 161 Cap.
1148 96 1245 147 ΙΧ.
1525 95 1620 150 181³
1670 107 1675 115 ·

0 188 6 246 J
36 187 355 255 μιῧῶἓίζίὶε
371 186 498 254 quod.
513 183 769 250 dtcn÷2Qui
789 193 925 252 parce
945 188 1138 239 seminat
1174 194 1230 235 et·
1256 184 1408 237 minus
1449 183 1623 256 libera—-

93 259 144 321 er
165 268 378 333 largitur,
404 269 537 330 parce
568 271 731 326 metet,
757 281 838 314 seu
870 267 1086 329 exiguum
1107 261 1275 314 reseret
1309 263 1539 318 fructum:
1576 273 1639 320 et,

0 405 3 408 ¹
28 335 329 420 ἷςωῇιῑφρίοεὲ
354 346 575 405 seminat„
588 358 669 404 seu
692 341 892 408 largitur,
916 345 1101 411 copiose
1126 349 1288 406 metet,
1315 360 1395 396 seu
1418 347 1478 395 ub
1489 362 1616 420 erem

26 423 210 484 :reseret
239 421 453 494 fruch

80 605 84 609 η
110 538 437 606 Unusquisque
460 544 615 587 tamen
647 536 791 587 donet
823 541 945 602 juxta
967 536 1250 587 voluntatem
1273 527 1406 589 suam⁸
1421 558 1433 598 ;
1475 547 1519 589 at
1541 538 1621 592 det

41 618 258 677 hilariter,
282 633 374 670 non
399 617 563 672 tristis;
593 614 670 666 det
691 624 735 664 et
756 616 965 677 libenter,
988 633 1082 665 non
1114 619 1240 680 quasi
1261 624 1466 666 coactus:
1489 615 1619 668 Deus

42 700 167 749 euim
190 695 380 747 hilarem
403 693 608 746 datorem
640 694 802 760 diligit,
840 713 892 746 ac
924 702 1202 746 remunerah

111 845 187 898 Ne
215 847 409 896 timeatis
437 852 590 894 autern
612 861 688 904 nc,
714 846 752 892 si
774 847 1000 909 copiosius
1025 845 1252 906 tribuatis,
1277 862 1362 893 vos
1387 845 1473 910 ipsi
1498 845 1615 899 forte

42 925 311 989 indigeatis:
334 932 482 990 potest
505 926 628 974 enim
650 922 779 972 Deus
799 932 971 973 tantam
994 927 1198 972 omnium
1220 926 1446 974 bonorum
1467 927 1621 975 abun-

43 1005 244 1056 damiam
261 1006 395 1054 vobis
421 1004 546 1059 dare,
570 1011 616 1052 ut
642 1006 686 1051 in
717 1005 843 1051 omni
871 1020 939 1063 re,
962 1006 1005 1051 in
1025 1004 1162 1051 -omni
1187 1012 1416 1069 tempore,
1433 1022 1622 1055 omnem

42 1089 91 1130 et
118 1081 299 1145 plenam
327 1079 647 1130 sufficientiam
680 1077 925 1142 habentes,
962 1081 1215 1128 exerceatis
1255 1080 1439 1130 abunde
1468 1083 1622 1133 omnia

43 1160 223 1225 pietatis
254 1174 410 1224 opera.

113 1269 241 1324 Sicu‘t
273 1275 321 1322 in
363 1271 472 1337 psal.
503 1290 591 1321 111
629 1270 686 1320 de
721 1271 822 1319 viro
850 1270 968 1332 justo
1003 1272 1218 1337 scriptum
1243 1278 1346 1319 est:
1372 1267 1508 1321 More
1537 1289 1622 1322 se-

46 1354 262 1403 minantis
289 1354 452 1417 sparsit
475 1367 586 1416 opes
610 1367 731 1410 suas,
758 1359 804 1399 et
830 1367 904 1399 eas
929 1352 974 1398 iu
997 1367 1218 1414 pauperes
1246 1349 1505 1401 liberaliter‘
1515 1352 1622 1411 dis-

49 1431 312 1481 tribuitzob
346 1429 437 1479 hoc
457 1431 621 1492 justitia
659 1430 755 1492 ejus
794 1436 948 1477 manet
979 1427 1272 1485 insaeculum
1318 1428 1488 1478 saecuti.

121 1545 200 1599 Ne
239 1551 432 1599 timeatis
460 1551 638 1613 itaque,
674 1549 769 1596 imo
803 1547 1052 1595 confidite:
1090 1541 1258 1604 Deus,
1298 1548 1372 1611 qui
1401 1564 1524 1596 nunc
1548 1545 1625 1595 dat

51 1632 185 1683 vobis
213 1628 465 1678 facultatem
499 1628 858 1692 eleemosynam
878 1625 1113 1691 largiendi,
1151 1633 1197 1674 et
1230 1626 1419 1675 aliorum
1450 1627 1623 1691 inopiae

46 1707 367 1765 succurrendi,
394 1708 493 1770 ipse
522 1707 657 1754 vobis
680 1706 933 1753 necessaria
964 1703 1123 1765 dabit,
1159 1719 1245 1751 nec
1265 1705 1463 1767 patietur
1486 1704 1623 1753 vobis

51 1789 307 1840 necessaria
329 1785 492 1835 deesse
510 1803 521 1840 3

121 1863 224 1915 Imo
246 1862 559 1928 multiplicabit
580 1863 702 1910 bona
727 1860 1007 1926 temporalia,
1031 1876 1134 1925 quae
1158 1861 1204 1908 in
1227 1877 1449 1926 pauperes
1479 1863 1622 1912 semi-

52 1945 189 1992 natis.

114 2013 185 2082 ‚Et
221 2015 405 2079 augebit
447 2014 700 2080 spirituales
740 2023 989 2080 proventus
1030 2016 1306 2076 sanctitatis,
1352 2024 1399 2065 et
1437 2019 1622 2080 justitiae

52 2103 238 2146 vestrae.

122 2190 190 2242 Ut
229 2193 275 2240 in
315 2194 530 2242 omnibus
561 2193 696 2241 bonis
737 2192 903 2240 divites
940 2190 1063 2251 sacti,
1090 2195 1271 2256 possitis
1312 2194 1357 2241 in
1391 2200 1632 2256 posterum,

53 2269 196 2319 corde
238 2269 460 2335 simplici,
501 2278 542 2320 et
584 2273 762 2319 sincero
787 2270 983 2329 affectu,
1029 2287 1168 2318 omne
1215 2269 1441 2319 charitatis
1483 2288 1626 2335 genus

53 2364 273 2398 exercere
295 2365 307 2406 3
332 2348 456 2413 quod
477 2350 611 2399 nobis
633 2351 868 2399 materiam
894 2349 1097 2421 praebeat
1121 2344 1241 2399 Deo
1259 2352 1419 2415 gratias
1444 2350 1628 2415 agendi.

125 2481 358 2547 Quoniam
379 2483 539 2534 harum
565 2485 962 2554 eleemosynarum
978 2487 1335 2549 administratio,
1362 2505 1453 2537 non
1474 2488 1628 2539 solum

51 2562 233 2628 supplet
259 2579 312 2611 ea
347 2579 446 2627 quae
479 2567 644 2613 sanctis
679 2565 842 2614 desunt
868 2567 925 2615 ad
956 2569 1334 2616 sustentationem
1360 2603 1370 2625 ,
1397 2567 1480 2615 sed
1506 2585 1626 2632 prae·

51 2647 177 2690 terea
211 2638 315 2688 facit
350 2649 399 2690 ut
438 2643 500 2690 ob
530 2642 576 2691 id
615 2642 816 2709 plurimae
846 2649 871 2694 a
903 2645 1054 2695 multis
1081 2641 1198 2695 Deo
1233 2644 1478 2695 reddantur
1514 2664 1625 2711 gra·-

53 2721 214 2768 tiarum
236 2721 466 2781 actiones,

124 2824 221 2890 Qui
243 2836 467 2891 vestram,
489 2847 570 2896 per
594 2842 798 2885 nostrum
823 2838 1141 2899 ministerium,
1179 2840 1398 2903 pietatem
1424 2839 1620 2904 experti,

54 2899 209 2956 Deum
249 2905 502 2972 glorificant
530 2910 592 2960 ob
626 2921 824 2963 vestram
852 2911 1144 2982 Evangelicae
1183 2915 1460 2966 confessioni
1497 2918 1623 2966 obe«-
