1794 3210
431 69 670 109 ’ramum
685 69 976 108 EXPOSlTIO.
1014 56 1150 123 Caps
1169 54 1237 110 V.
1509 56 1612 122 455

33 145 188 198 onds
217 145 493 211 hujusmodi
520 162 612 194 non
636 153 705 194 est
725 146 841 207 ·‚Iex
869 145 959 196 sibi
987 145 1377 241 correspondent,
1398 146 1616 214 idemque

38 221 318 288 significant.

81 292 273 365 -Itaque
302 298 414 360 hic,
448 301 574 365 quasi
615 316 698 364 per
722 285 1045 360 transennam,
1080 296 1260 349 Galatas
1272 319 1383 351 mon
1398 309 1443 352 et
1465 298 1613 367 Apo-

38 376 184 428 stolus
201 413 216 440 ,
249 376 374 443 quod
394 379 431 426 si
469 380 495 425 a
519 373 688 440 Spiritu
702 383 862 425 sancto
890 383 1132 439 regantur,
1159 378 1250 439 jam
1271 388 1420 429 actum
1454 388 1546 430 est
1544 381 1615 431 de

45 455 260 521 legalium
281 455 602 520 disputatione.
642 489 653 498 x

112 534 224 583 Non
249 534 357 581 estis
373 532 459 580 sub
489 532 584 593 Iege
602 565 615 590 ‚
646 546 734 579 nee
754 530 813 579 ad
834 548 936 581 earn
963 534 1245 582 necessarias
1270 541 1340 583 est
1367 534 1501 583 vohis
1528 550 1616 583 re·-

42 627 198 664 oursus
219 627 235 668 ;¹
257 609 437 658 hahetis
460 609 582 656 enim
600 609 724 674 quod
742 608 817 658 lex
839 609 973 658 vobis
991 610 1100 660 dare
1122 627 1216 660 non
1237 618 1414 675 potest:
1436 609 1615 658 habetis

39 691 250 755 spir-&tum
274 685 498 748 filiorum,
529 704 624 736 non
643 704 914 745 servorum3
948 687 1093 739 facitis
1116 705 1177 739 ex
1204 706 1360 755 amore
1387 688 1511 754 quod
1534 686 1616 739 lex

46 766 255 832 praecipit
284 772 331 813 et
353 765 494 827 exigit
519 779 755 827 poenarum
783 766 962 815 timore.

90 838 178 904 Y.
216 858 294 908 19.
333 836 596 906 Manifesta
630 847 740 888 sunt
767 848 925 888 autem
966 858 1105 904 opem
1142 841 1346 890 carnis...
1386 837 1617 903 Quia‚“.ut

43 919 174 981 dixi,
203 920 358 983 spiritu
383 916 737 976 ambulandum3
766 925 811 966 et
833 919 976 967 carnis
997 917 1218 967 desideria
1240 917 1530 974 refrenanda
1554 934 1616 967 ne

47 999 150 1062 quis
173 997 221 1045 in
241 995 329 1045 hac
356 1012 407 1046 re
423 1030 439 1057 ‚
462 998 488 1044 a
512 1013 595 1061 qua
620 994 743 1044 salus
783 995 1045 1044 allucinetur
1063 1033 1077 1055 ,
1120 995 1197 1044 hic
1229 1013 1448 1046 enumero
1467 997 1616 1044 carnis

50 1092 208 1139 opem.
237 1075 440 1122 Fructus
458 1082 613 1120 autem
636 1071 824 1136 spir-inis
851 1071 919 1134 fi.
949 1091 1011 1121 22
1039 1075 1312 1122 recensebo.

79 1175 86 1185 s
120 1150 277 1212 Opera
302 1151 492 1209 camis„
517 1149 566 1198 id
586 1157 684 1208 est,
702 1148 774 1197 ⁴ad
802 1165 902 1213 quae
931 1150 1100 1198 excitat
1124 1153 1487 1216 concupiscentia
1507 1187 1521 1212 ,

115 1223 383 1289 Illonffesta
405 1234 515 1274 sunt
537 1234 583 1275 et
603 1232 712 1274 nota
740 1224 965 1276 fidelibus.

125 1296 247 1365 Quoe
279 1308 388 1348 sunt
409 1301 693 1362 fornicatio.
722 1295 806 1349 Gr.
836 1298 1133 1361 adulterium,
1158 1298 1424 1364 fornicatio,
1453 1310 1541 1352 ete.

117 1378 463 1442 immunditia,
486 1378 534 1427 id
554 1385 643 1442 est,
663 1385 899 1443 peccatum
919 1386 1075 1427 contra
1090 1387 1318 1442 naturam,
1340 1398 1385 1429 v.
1405 1398 1449 1444 g.
1463 1418 1477 1443 ,
1502 1378 1619 1429 mol-

51 1453 189 1506 tities.

121 1532 464 1599 Impudicitia,
492 1539 678 1596 gestu3‚
703 1539 845 1581 tactus
867 1534 1061 1598 impuri,
1091 1542 1181 1584 etc.

121 1611 339 1661 Luxuria
365 1609 576 1675 quaelibet
606 1628 618 1658 ι
647 1612 743 1675 ipsa
773 1627 956 1676 quoque
984 1615 1240 1676 nuptiarum
1273 1611 1441 1675 libido,
1465 1616 1502 1662 si
1524 1631 1622 1663 non

49 1691 129 1742 fiat
143 1691 341 1743 honeste
364 1700 409 1742 et
430 1691 688 1743 verecunde
703 1728 716 1751 ‚
746 1699 791 1740 et
820 1695 945 1756 quasi
966 1695 1051 1742 sub
1071 1694 1212 1742 oculis
1235 1693 1356 1757 Dei,
1379 1703 1428 1745 ut
1448 1700 1618 1745 tantum

52 1768 209 1830 liberis
232 1772 452 1819 serviatur
470 1806 484 1831 ‚
510 1770 570 1816 ait
590 1766 653 1818 D.
683 1765 1015 1832 Hieronymus.

121 1840 179 1898 fi,
202 1865 264 1896 22
280 1884 294 1909 ‚
312 1845 395 1896 23.
416 1846 653 1894 Idolorum
676 1847 879 1895 servitus.
898 1843 1021 1895 Nota
1044 1847 1166 1912 qubd
1188 1850 1306 1896 inter
1327 1851 1624 1914 opera-carnis

53 1923 243 1975 collocat
264 1941 437 1990 opera,
469 1941 547 1974 seu
575 1932 758 1990 peccata
785 1925 1054 1988 spiritualia,
1081 1943 1129 1975 v.
1154 1943 1222 1989 g.,
1247 1927 1465 1975 invidiam
1485 1964 1496 1986 ,
1526 1929 1623 1975 ini-

55 2003 273 2051 micinam
293 2037 307 2062 ,
338 2001 540 2050 haereses
557 2037 572 2063 ,
600 2009 689 2050 etc.
717 2002 819 2065 quia
839 2037 854 2062 ‚
877 2009 928 2049 ut
955 2001 1051 2051 dixi
1078 2006 1237 2067 supra,
1265 2005 1401 2052 etiam
1421 2005 1623 2052 rationa-

52 2076 146 2128 lem
172 2087 218 2128 et
249 2078 523 2143 spiritualem
549 2076 730 2126 animae‘
754 2085 927 2141 partem
944 2114 958 2137 ‚
995 2097 1078 2145 per
1108 2088 1343 2146 peccatum
1377 2080 1588 2144 originale
1607 2115 1623 2142 ‚

0 2155 2 2233 ᾗ
55 2155 214 2208 intecit
236 2157 624 2220 concupiscentia.
648 2153 775 2208 Vide
798 2153 866 2219 Ῡ.
895 2172 975 2221 17.

131 2234 231 2299 Qui
255 2236 371 2284 talla
400 2234 598 2299 agunt...

96 2358 100 2362 .
124 2307 249 2362 Haec
267 2314 488 2361 sententia
509 2311 676 2362 multos
695 2318 865 2362 terrere
886 2310 1052 2373 debet,
1078 2313 1152 2378 qui
1174 2310 1420 2377 corporalia
1440 2312 1626 2376 quidem

57 2389 247 2442 horrent
275 2387 481 2456 peccata}
494 2398 538 2439 at
553 2391 762 2455 spiritalia
788 2390 978 2455 diligunt
996 2397 1042 2439 et
1064 2399 1307 2456 operantur
1330 2409 1340 2438 :
1362 2391 1629 2442 aemulantur

58 2471 187 2520 enim
203 2504 218 2531 ‚
249 2468 559 2518 dissensiones
583 2469 783 2518 excitant
809 2477 856 2518 et
882 2467 1075 2526 fovent,
1103 2477 1191 2519 etc..
1215 2476 1260 2517 et
1289 2467 1347 2517 de
1373 2467 1444 2518 his
1470 2460 1641 2534 pomi-¹

61 2547 252 2596 tentiam
275 2561 371 2594 non
391 2553 544 2609 agunt.

130 2625 216 2679 Est
240 2631 363 2679 enim
389 2638 545 2680 notatu
568 2629 784 2694 dignum,
815 2629 938 2695 quod
959 2633 985 2680 ὲ
1005 2637 1183 2695 septem
1206 2630 1399 2694 peccatis
1422 2627 1631 2692 capitali-

61 2707 150 2758 bus
169 2744 184 2769 ‚
222 2706 314 2756 duo
345 2712 518 2758 tantum
544 2717 648 2758 sunt
674 2707 947 2773 corporalia,
983 2708 1180 2767 scilicet,
1211 2707 1385 2757 luxuria
1420 2715 1465 2756 et
1498 2706 1622 2771 gula;

67 2787 268 2852 quinque
292 2786 442 2836 autem
464 2795 569 2836 sunt
590 2786 830 2850 spiritualia
848 2821 861 2846 ‚
894 2783 1085 2850 haecque
1117 2787 1197 2835 vix
1231 2787 1467 2851 quisquam
1489 2788 1625 2841 vitan

67 2863 115 2915 et
134 2871 289 2914 tamen
309 2865 516 2932 plerique
538 2862 608 2926 (ut
626 2872 750 2932 patet
771 2881 831 2915 ex
856 2861 1245 2926 confessionibus)
1259 2861 1418 2913 solum
1437 2861 1495 2912 de
1517 2879 1632 2912 cor-
