1794 3210
172 66 275 140 194
454 80 712 117 SECUNDAE
747 80 1009 118 EPISTOLAE
1046 82 1116 118 An
1150 84 1472 124 CORINTHIOS

174 232 179 237 ,
244 154 415 223 Paulus
440 156 566 223 quasi
603 165 686 222 pro
722 157 996 223 pauperibus
1031 160 1195 221 gratias
1214 163 1323 225 ‘agit
1354 157 1490 226 De0,
1517 179 1601 230 pro
1631 165 1751 216 dono

174 233 420 299 {neffabili
451 233 804 295 beneficentiae,
845 236 972 298 cujus
1011 233 1186 286 fructus
1233 237 1388 287 verbis
1423 255 1522 297 non
1558 252 1756 308 possunt

169 313 393 375 enarrari,
422 312 483 361 ob
510 318 731 362 aeternam
753 311 969 378 gloriam,
999 331 1140 378 quam
1165 333 1250 364 nec
1269 317 1434 365 oculus
1452 317 1624 371 vidit...

175 481 489 534 corollarium
507 484 701 548 pietatis
714 518 731 541 ‚
759 501 839 531 seu
862 482 910 530 in
934 481 1024 530 hoc
1047 480 1163 546 Cap.
1184 502 1216 552 9
1232 519 1244 543 ,
1270 484 1340 532 ud
1353 485 1581 549 pietatem
1593 488 1758 539 maxi.

474 563 548 610 me}
569 559 782 609 notanda
798 595 811 621 ,
837 559 967 607 etad
979 561 1174 624 praxim
1202 551 1466 626 redigendo.

178 718 272 828 IN
294 777 440 841 capite
460 773 745 841 praecedenti
765 770 977 822 ordinem
991 771 1147 822 vidisti
1168 772 1447 824 servandum
1468 777 1525 840 in*
1539 773 1756 826 eleemo-

174 874 290 926 syna
313 857 437 905 bene
462 863 505 905 et
531 857 684 903 sancte
707 851 934 902 facienda.
1512 841 1515 845 ⁴

247 932 343 986 Cor
367 935 513 1000 primo
544 931 745 982 dandum
759 927 888 987 De03
914 928 1082 979 deinde
1105 929 1255 980 danda
1279 931 1467 998 pauperi
1490 931 1758 983 substantia.

175 1015 292 1070 Hoc
314 1013 566 1084 Apostolus
583 1013 737 1063 docuit
762 1014 810 1061 in
832 1013 978 1076 capite
1003 1012 1303 1076 praecedenti.
1329 1010 1454 1066 Vide
1476 1011 1761 1064 corollarium

172 1098 387 1165 pietatist
421 1096 469 1143 in
497 1092 592 1142 hoc
612 1099 763 1141 autem
792 1091 937 1155 capite
954 1124 969 1151 ,
1545 1109 1547 1111 ·

887 1220 1068 1274 varmo.

250 1367 374 1422 Nota
394 1367 585 1418 modum
611 1382 701 1430 quo
725 1361 873 1414 danda
902 1363 958 1411 sit
978 1360 1077 1410 haec
1103 1361 1292 1426 pauperi
1312 1360 1589 1425 substantia,
1611 1363 1761 1413 nimi‘

180 1466 313 1510 rum,
340 1449 554 1514 prompte
573 1480 588 1504 ,
618 1443 764 1506 large,
790 1439 1005 1489 hilariter.

247 1525 476 1590 Prompte
518 1520 667 1571 danda
690 1526 762 1568 est
797 1517 1118 1583 eleemosyna;
1150 1516 1288 1567 bonae
1314 1515 1560 1566 voluntatis
1593 1515 1761 1569 fructus

180 1618 283 1672 est,
312 1616 360 1659 et
388 1605 616 1657 charitatis
652 1601 857 1651 donum:
885 1601 942 1648 sit
965 1604 1074 1662 ergo
1103 1606 1343 1663 prompta,
1370 1597 1506 1647 detur
1537 1595 1762 1650 celeriter.

183 1686 348 1741 Nescit
368 1688 492 1737 enim
515 1682 639 1734 tarda
662 1679 901 1730 molimina
925 1673 1124 1743 Spiritus
1145 1679 1287 1725 sancti
1311 1676 1467 1740 gratia.

257 1764 406 1830 Large
428 1770 475 1812 et
494 1758 780 1811 abundanter
800 1754 948 1805 danda
970 1774 982 1803 ε
1006 1770 1167 1804 semen
1185 1761 1254 1803 est
1276 1752 1432 1818 gloriae
1448 1787 1462 1811 ‚
1481 1752 1528 1800 in
1547 1767 1764 1817 paupere,

188 1846 316 1914 quasi
338 1846 384 1893 in
410 1858 518 1907 agro
531 1836 626 1900 Dei
651 1844 744 1886 sata
761 1873 774 1897 ,
805 1842 851 1884 et
877 1833 1003 1896 cujus
1032 1833 1194 1881 messis
1221 1831 1270 1878 in
1297 1830 1399 1890 sinu
1418 1823 1509 1876 Dei
1528 1826 1766 1893 colligetur

184 1927 243 1973 eo
270 1920 604 1979 abundantior,
644 1916 735 1979 quo
763 1911 995 1976 copiosius
1023 1907 1156 1959 suerit
1178 1923 1342 1958 semen
1365 1923 1378 1956 ε
1404 1905 1461 1953 sit
1480 1918 1591 1968 ergo
1616 1903 1766 1970 larga,

183 2000 351 2062 multa,
379 1995 633 2048 abundans·
662 1991 760 2057 Qui
772 1989 918 2055 parce‘
940 1988 1176 2050 seminat,
1196 1986 1344 2052 parc&
1359 1990 1406 2031 et
1425 1989 1598 2041 meten
1617 1990 1666 2033 et
1687 1983 1768 2048 qui

187 2084 376 2149 copiose
401 2079 624 2135 seminat,
651 2079 798 2122 metet
818 2070 1023 2144 copiose.

262 2158 482 2211 Hilariter
506 2164 553 2206 et
587 2153 685 2203 laete
709 2149 858 2201 danda
880 2166 892 2196 :
919 2145 1080 2196 aeterni
1108 2144 1236 2208 regni
1262 2142 1436 2207 emptio
1459 2147 1506 2190 et
1528 2138 1766 2204 acquisitio
1791 2186 1794 2192 .

191 2244 278 2288 est.
315 2232 434 2298 Quis
469 2226 692 2283 &ternum
727 2224 821 2277 Dei
864 2239 1059 2288 regnum
1093 2221 1292 2285 acquirat
1331 2217 1504 2267 tristis?
1543 2214 1622 2265 fiat
1653 2231 1767 2282 ergo

96 2366 112 2383 ,
178 2314 403 2374 hilariter,
442 2309 584 2359 corde
618 2313 807 2373 aperto,
835 2301 961 2353 vultu
1002 2299 1134 2359 laet0,
1174 2314 1281 2347 cum
1303 2295 1462 2348 verbis
1486 2292 1695 2344 honestis
1720 2299 1770 2343 et

171 2393 408 2462 gratiosis,
454 2389 581 2453 quasi
614 2387 692 2452 qui
729 2383 907 2433 lucrum
949 2377 1057 2428 facit
1092 2376 1365 2427 maximum.
1403 2369 1483 2425 Ad
1517 2369 1622 2422 haec
1657 2367 1768 2423 <ride

180 2466 245 2528 ψ.
268 2489 318 2536 1,
345 2491 390 2534 2,
414 2467 465 2533 3,
495 2466 549 2531 l„
580 2463 629 2527 5,
651 2461 702 2526 6,
736 2483 783 2529 7·

850 2599 1104 2652 secusne.

205 2745 225 2749 ”’
247 2748 379 2803 Nota
414 2722 516 2797 duo*
542 2745 687 2797 verba
713 2741 882 2810 quibus
917 2739 1055 2789 utitur
1085 2729 1367 2801 ApostoluS,
1391 2737 1439 2782 et
1459 2701 1656 2807 quorum
1674 2742 1775 2778 uno

109 2825 116 2828 ’
174 2829 262 2882 has
286 2838 377 2880 tres
403 2826 718 2903 eleemosynae
745 2821 1041 2874 conditiones
1065 2814 1284 2882 exprimit
1297 2810 1458 2874 3altero
1484 2815 1645 2861 autem
1673 2807 1763 2860 tria

178 2911 290 2964 vitia
313 2906 396 2958 illis
441 2903 652 2972 opposita
678 2900 842 2966 rejicit.
