1794 3210
464 77 692 115 Taueni-:x
723 77 1011 117 Exposmo.
1051 61 1171 128 Gap.
1205 56 1334 112 XII.
1536 62 1641 116 253

6 170 27 234 ιζ
55 152 455 220 ῶίιιζᾱίεεεᾶαῐς
473 150 636 208 suflicit
650 153 733 203 tihi
748 155 902 218 graliae
917 171 1033 204 meae
1047 151 1282 203 auxilium.
1298 148 1419 203 Nam
1432 157 1639 220 potentia

0 230 27 282 Ὗ
61 251 167 289 mea
185 237 234 285 in
252 233 452 284 humana
470 231 734 282 infirmitate
762 230 973 282 illustrior
995 238 1196 297 apparet.

134 308 262 363 Hinc
285 318 390 376 post
414 307 501 359 tale
519 323 790 372 responsum
810 309 857 357 in
874 308 990 357 nulla
1003 308 1084 356 alia
1098 325 1147 357 re
1163 308 1375 357 libentius
1392 309 1635 373 gloriabor,

63 391 203 457 quam
220 390 268 438 in
289 389 405 438 meis
420 384 754 436 infirmitatibus
768 421 781 446 ,
805 392 854 434 ut
875 386 1144 435 immoretur
1163 391 1207 434 et
1226 384 1481 450 perficiatur
1500 389 1545 436 in
1563 406 1641 439 ma

65 469 214 519 virtus
235 462 427 516 Christi.

133 540 288 606 Quam
309 541 370 590 ob
399 555 499 589 rem
526 536 640 586 mihi
663 539 955 603 potissimum
981 536 1245 603 complaceo
1268 553 1321 586 ac
1346 536 1640 589 condelector

62 616 464 672 ininfirmitatibus
482 616 624 675 meis,
652 617 699 663 in
722 615 1008 664 contumeliis
1028 652 1040 677 ,
1068 616 1118 663 in
1141 615 1415 678 egestatibus
1432 652 1445 678 ,
1465 617 1512 664 in
1536 632 1640 683 per-

28 752 31 753 r
61 696 402 756 secutionibus,
427 697 476 745 in
498 695 716 758 angustiis
737 710 819 758 pro
843 689 1026 744 Christo
1055 693 1270 743 toleratis.

132 763 256 824 Cum
280 775 406 822 enim
425 770 527 821 haec
551 788 634 836 pro
656 788 711 821 eo
735 773 901 837 patior,
932 779 1040 821 tunc
1054 773 1162 821 verb
1183 766 1355 821 Christi
1377 773 1576 835 virtute,
1591 774 1640 823 in
1690 777 1694 782 '

62 868 142 903 me
164 849 432 912 habitante,
455 857 621 914 potens
647 866 769 898 sum.

128 925 299 980 Factus
316 946 422 979 sum
443 927 599 978 velut
587 944 839 992 msipiens
863 930 1189 993 memetipsum
1204 927 1459 979 laudando
1484 937 1530 980 at
1553 947 1639 981 vos

62 1008 114 1057 in
134 1024 266 1057 causa
282 1043 297 1069 ‚
327 1008 405 1071 qui
428 1022 503 1055 me
525 1004 587 1054 ad
612 1005 660 1054 id
674 1003 917 1069 adegistis,
940 1004 1142 1054 auditum
1161 1005 1423 1069 praebentes
1449 1008 1641 1058 obtrec-

62 1084 286 1135 tatoribus
309 1082 426 1130 meis
453 1099 464 1130 ε

139 1155 311 1210 Contra
334 1176 449 1226 quos
468 1175 564 1221 me,
587 1155 863 1224 Apostolum
881 1166 1084 1209 vestrum
1100 1195 1113 1220 ‚
1138 1158 1385 1210 defendere
1405 1161 1644 1216 debuisti&

134 1234 194 1288 In
233 1254 292 1288 eo
314 1239 437 1288 enim
464 1236 587 1302 quod
619 1236 677 1285 ad
702 1236 1001 1301 apostolicum
1025 1254 1189 1286 munus
1212 1246 1415 1304 spectat,
1457 1257 1552 1289 non
1580 1238 1644 1292 fui

65 1319 244 1378 minor,
286 1332 383 1365 non
424 1315 574 1365 dicam
609 1313 682 1363 his
718 1313 1148 1381 pseudoapostoliS,
1190 1315 1278 1365 sed.
1312 1313 1645 1384 Apostolorum
1710 1358 1715 1367 ..

70 1410 342 1461 praecipu133

145 1473 372 1539 Quamvis
396 1492 454 1524 ex
478 1490 553 1523 me
577 1471 691 1522 nihil
716 1489 836 1522 sum.

140 1552 280 1620 Signa
302 1562 454 1603 tamen
478 1560 522 1603 et
549 1551 758 1602 miracula
781 1550 901 1618 apud
924 1568 1007 1601 vos
1027 1589 1041 1614 ,
1069 1553 1294 1620 vobisque
1308 1558 1640 1620 spectantibus,
1663 1595 1673 1596 ff

71 1633 225 1695 edidi,
250 1649 332 1699 per
353 1648 452 1698 quae
470 1648 601 1681 meus
628 1631 763 1679 vobis
814 1637 989 1696 pateret
1028 1630 1330 1694 apostolatu83
1372 1651 1453 1698 per
1490 1639 1645 1686 omni-

69 1716 262 1767 modam
297 1716 588 1780 pafienfiam,
627 1730 708 1777 per
748 1713 901 1762 omnia
942 1714 1259 1764 miraculorum
1298 1733 1492 1780 genera,
1543 1720 1644 1769 sive

16 1834 19 1837 s
74 1797 219 1861 signa,
246 1794 345 1842 sive
368 1790 569 1857 prodigia
587 1827 602 1851 ‚
632 1793 731 1840 sive
753 1792 945 1839 virtutes
967 1789 1185 1842 dicantur.

146 1868 275 1934 Quid
295 1876 366 1918 est
389 1869 543 1929 enim,
580 1869 678 1915 sive
702 1867 749 1914 in
772 1865 976 1916 doctrina
996 1903 1009 1925 .,
1039 1868 1138 1916 sive
1161 1869 1206 1917 in
1236 1870 1487 1933 miraculis,
1520 1873 1644 1939 quod

74 1952 226 2001 minus
246 1948 468 1997 habuistis
491 1962 584 2011 prae
606 1947 778 1995 caeteris
816 1945 1019 1996 ecclesiis
1038 1983 1051 2007 ,
1095 1963 1173 1996 seu
1197 1949 1254 1996 ab
1296 1948 1393 2011 aliis
1425 1947 1641 2017 Aposto-

74 2027 159 2090 lis,
186 2046 267 2079 seu
293 2045 318 2076 a
342 2043 418 2076 me
442 2023 676 2074 fundatis?

146 2103 258 2156 Hoc
279 2121 420 2155 unum
436 2138 451 2164 ‚
493 2100 618 2166 quod
657 2099 714 2164 ad
756 2099 944 2151 aliorum
985 2097 1314 2166 Apostolorum
1355 2105 1643 2170 exemplum,

78 2198 175 2232 non
210 2181 394 2248 gravavi
425 2195 510 2228 vos
537 2177 792 2241 sumptibus
831 2196 842 2226 :
883 2179 922 2226 si
949 2176 1040 2227 hoc
1066 2180 1124 2229 sit
1167 2179 1354 2242 injuria,
1389 2182 1647 2235 condonate

79 2255 194 2308 mihi
212 2293 224 2316 ,
254 2256 357 2306 licat
379 2271 474 2304 non
500 2254 764 2319 poenitenti.

147 2330 275 2384 Ecce
299 2333 392 2395 jam
416 2334 550 2381 terlio
579 2339 764 2396 paratus
784 2347 884 2380 sum
911 2331 970 2380 ad
989 2348 1074 2381 vos
1093 2331 1191 2390 ire;
1220 2340 1265 2382 et
1289 2328 1377 2382 haic
1399 2336 1503 2384 vice
1537 2332 1647 2386 nulli

80 2425 301 2464 onerosus
321 2424 400 2458 ero
416 2443 432 2469 ,
458 2409 571 2456 sicut
590 2423 677 2456 nec
694 2404 777 2457 sui.

149 2483 263 2545 Non
286 2487 414 2535 enim
443 2486 490 2533 in
523 2482 614 2533 hoc
653 2479 893 2548 Evangelii
922 2484 1172 2533 ministerio
1198 2500 1348 2533 meam
1371 2500 1524 2549 quaero
1549 2488 1647 2535 uli·-

77 2562 276 2624 litatem,
321 2569 586 2628 vestrasque
612 2569 851 2628 propterea
882 2563 1124 2626 pecunias;
1147 2561 1231 2611 sed
1253 2578 1336 2612 vos
1357 2562 1505 2626 ipsos,
1532 2578 1646 2611 ves-

80 2654 288 2712 tramque
309 2644 515 2695 salulem.

148 2722 263 2777 Non
278 2726 405 2775 enim
431 2731 607 2797 patrum
625 2730 694 2773 est
717 2725 743 2772 ὲ
757 2722 859 2773 filiis
874 2724 1080 2788 accipere
1096 2739 1109 2782 3
1131 2720 1213 2773 sed
1232 2724 1381 2789 polius
1397 2722 1494 2772 filiis
1516 2720 1645 2789 dare,
1696 2742 1700 2746 ·

81 2810 127 2856 et
154 2810 332 2869 partum
362 2803 588 2864 assignare
609 2802 947 2867 patrimonium.

0 2893 3 2973 ξ
149 2877 254 2946 Ego
287 2888 438 2932 autem
473 2886 599 2946 pater
639 2885 820 2942 vester,
846 2878 1173 2945 libentissimo,
1215 2897 1310 2938 non
1331 2897 1435 2931 mea
1470 2882 1645 2937 tantum

0 2996 4 3081 l

0 3141 2 3210 l
