1754 3210
415 143 640 187 ·rnu’mx
674 107 960 186 Exeusr'rm.
1001 131 1117 200 Cap.
1162 136 1284 186 VII.
1531 134 1630 205 149

125 222 259 288 latus
287 226 501 282 timores,
541 224 589 272 in
627 222 765 271 corde
801 226 988 272 ttrnores
1023 240 1246 272 novarum
1276 230 1322 272 et
1351 231 1629 275 secretarum

56 306 452 372 persecutionum,
495 302 657 369 quibus
698 301 1048 363 praecavendum
1093 310 1217 361 erat;
1266 311 1311 352 et
1355 291 1431 352 hie
1468 320 1631 354 sensus

57 383 241 434 videtur
263 380 520 431 naturalior.

131 468 219 520 Vel
251 471 439 518 timores
460 501 473 525 ,
512 481 571 513 ne
606 463 722 513 fides
755 463 1141 528 impedimentum
1177 472 1251 514 aut
1269 463 1533 515 scandalum
1555 482 1636 531 pa-

63 559 249 608 teretur,
277 549 338 602 ait
359 545 608 596 Primasius
631 549 658 594 ὲι
677 542 945 594 Fromondo
970 547 1141 594 citatus.

131 636 218 687 Vel
240 653 300 685 ne
319 636 395 701 qui
416 651 560 699 nuper
581 640 709 682 erant
730 635 970 696 conversi,
999 633 1276 695 deficerent,
1302 636 1359 687 ait
1383 631 1435 684 S.
1453 629 1635 684 Anseb

67 733 199 775 mus,
227 716 300 782 qui
324 716 463 763 etiam
482 716 549 763 sie
572 715 906 777 Interpretatur.

127 791 262 845 Foris
283 808 476 859 pugnae,
503 793 561 841 ab
587 793 751 854 apertis
770 793 983 839 inimicis.

130 867 260 924 Intus
282 872 466 920 timores
484 906 495 928 ,
521 872 545 917 a
567 867 685 916 salsis
708 866 935 917 fratribus.

134 953 216 1007 Sic
232 966 275 1006 et
295 954 520 1017 Ecclesia,
543 954 667 1003 addit
690 953 812 1002 idem
837 962 1017 1002 sanctus
1036 989 1050 1012 ,
1070 970 1253 1017 semper
1268 952 1409 1003 habet
1427 956 1639 1006 inimieos

65 1033 540 1101 etquosserats01513‚
571 1041 614 1081 et
644 1049 757 1097 quos
778 1041 929 1094 gemat
964 1034 1106 1091 intus;
1136 1031 1245 1082 forts
1270 1033 1442 1083 facilius
1482 1037 1634 1085 evita-

69 1113 215 1172 biles,
240 1116 359 1162 intus
380 1111 606 1174 diiii-cilius
631 1110 908 1160 tolerabiles.

133 1195 248 1249 Sunt
271 1199 394 1249 enim
416 1195 511 1250 salsi
538 1196 696 1246 fratres
713 1233 729 1258 ,
756 1205 861 1245 sunt
884 1196 988 1245 mali
1027 1195 1137 1257 filii,
1167 1206 1212 1247 et
1243 1205 1396 1246 tamen
1423 1195 1530 1257 filii,
1560 1198 1644 1261 qul.

4 1306 7 1310 ·
66 1291 162 1326 non
179 1283 344 1327 contra
359 1292 441 1325 nos
458 1273 779 1341 blasphemant
794 1270 1029 1324 Christum
1057 1292 1069 1330 ;
1093 1275 1177 1325 sed
1195 1278 1438 1325 nobiscum
1454 1273 1646 1325 adorant

70 1348 334 1420 Christum,
361 1361 407 1402 et
431 1354 477 1402 in
500 1354 636 1406 nobis
658 1361 991 1418 persequuntur
1010 1350 1245 1404 Christum
1262 1390 1276 1416 ,
1302 1356 1416 1403 sicut
1435 1350 1648 1402 Absalon

72 1438 249 1495 patrem
274 1447 423 1480 suum.
448 1428 524 1480 De
548 1429 620 1479 his
653 1439 722 1480 est
754 1432 890 1480 timor
915 1431 963 1479 in
1000 1426 1236 1490 Ecclesia,
1279 1448 1343 1480 ne
1376 1438 1566 1480 caeteros
1588 1427 1650 1477 ad·

68 1511 375 1561 imitationem
399 1509 470 1560 sui
496 1508 756 1576 pertrahant
780 1508 947 1559 :valde
972 1512 1094 1559 enim
1128 1510 1432 1574 periculosum
1467 1517 1538 1578 est
1571 1509 1646 1557 in-
1727 1546 1729 1549 »

69 1587 217 1641 firmis
234 1588 439 1641 habitare
463 1605 566 1639 cum
589 1587 752 1638 talibus
776 1605 787 1636 :
810 1585 1044 1654 hucusque
1071 1583 1145 1639 D.
1174 1586 1440 1638 Anselmus.

138 1671 264 1725 Nota
285 1675 410 1744 quod
433 1673 581 1725 Lucas
603 1677 650 1724 in
667 1671 777 1724 Act.
798 1669 966 1738 Apost.
992 1691 1091 1740 cap.
1119 1694 1200 1725 20.
1222 1677 1434 1724 meminit
1457 1671 1648 1740 quidem

71 1752 208 1818 hujus
235 1758 412 1806 itineris
433 1759 480 1805 in
512 1751 839 1804 Macedoniam
861 1771 873 1811 ;
897 1753 982 1802 sed
1001 1753 1169 1803 nullam
1190 1753 1326 1816 hujus
1348 1754 1650 1804 tribulationis

69 1831 180 1886 facit
207 1839 524 1893 mentionem3
555 1835 677 1884 unde
715 1833 936 1897 colligitur
967 1836 1091 1899 quod
1115 1835 1252 1885 multa
1291 1834 1408 1885 feeit·
1425 1843 1470 1885 et
1494 1823 1662 1900 passus

75 1916 146 1960 est
169 1906 236 1960 D.
260 1906 428 1960 Paulus
449 1945 463 1969 ,
491 1926 595 1975 quae
613 1904 688 1959 D.
714 1907 866 1958 Lucas
885 1926 980 1958 non
1002 1910 1166 1960 retulit.

143 1990 203 2049 Ῡ.
229 1996 277 2049 6.
299 2000 395 2048 Sed
411 2002 494 2063 qui
515 2002 790 2048 consolatur
814 1999 1062 2050 humiles...

149 2074 340 2127 Grande
354 2077 543 2143 quidem
563 2076 645 2126 suit
663 2076 772 2126 illud
789 2076 958 2126 malum
977 2116 992 2141 ,
1012 2078 1135 2142 quod
1153 2086 1196 2128 et
1217 2077 1326 2128 soris
1345 2086 1389 2128 et
1404 2079 1523 2128 intus
1538 2081 1668 2144 passi

79 2171 235 2204 sumus
252 2189 266 2214 ‚
290 2154 374 2203 sed
399 2153 634 2218 praevaluit
657 2152 887 2219 gaudium.

149 2230 275 2282 Nam
299 2230 455 2293 Deus,
482 2230 774 2289 afflictorum,
802 2239 846 2280 et
870 2232 1070 2279 maxime
1101 2229 1346 2279 humilium
1378 2228 1661 2291 consolator,

80 2330 178 2365 nos
194 2312 447 2364 consolatus
467 2322 536 2364 est
558 2330 639 2380 per
659 2313 748 2362 adv
754 2321 912 2362 entum
930 2309 1062 2374 Titi,
1087 2316 1110 2362 a
1131 2314 1267 2362 vobis
1290 2313 1348 2365 ad
1364 2331 1442 2363 me
1463 2314 1665 2374 reversi,

82 2399 127 2442 et
151 2390 264 2440 mihi
285 2390 344 2442 de
364 2392 498 2443 vobis
517 2393 642 2442 bona
666 2401 710 2443 et
733 2393 988 2457 gratissima
1009 2394 1276 2443 nuntiantis.

150 2476 315 2530 Titum
344 2478 407 2531 D.
429 2478 596 2532 Paulus
625 2483 808 2531 miserat
833 2479 893 2530 ad
917 2475 1216 2542 Corinthios,
1243 2488 1290 2530 ut
1314 2498 1398 2545 per
1421 2497 1526 2530 eum
1548 2496 1664 2544 cog-

85 2566 297 2608 nosceret
321 2559 429 2624 quid
446 2560 569 2629 apud
594 2576 676 2609 eos
700 2565 884 2624 operata
906 2563 1029 2607 esset
1055 2560 1179 2623 prior
1200 2558 1389 2623 epistola
1405 2594 1418 2617 ,
1449 2575 1585 2622 quam
1605 2554 1669 2607 ad

83 2650 166 2683 eos
193 2635 456 2700 scripserat3
498 2635 607 2685 hinc
643 2651 741 2700 cap.
779 2652 826 2684 2.
868 2632 937 2699 Υ.
982 2631 1058 2682 13.
1088 2630 1251 2682 Titum
1275 2631 1444 2683 Paulus
1467 2629 1660 2683 Troade

84 2714 324 2776 quaesierat
341 2749 354 2773 ,
390 2720 460 2773 et,
485 2730 544 2764 eo
568 2714 631 2762 ibi
654 2711 750 2762 non
781 2718 963 2776 reperto
984 2747 1001 2771 ,
1027 2713 1204 2761 transiit
1233 2714 1279 2761 in
1300 2708 1625 2762 Macedoniam
1645 2747 1661 2768 ,

81 2789 244 2841 nolens
298 2790 364 2841 ire
396 2787 669 2841 Corinthum
686 2827 701 2853 ,
746 2797 992 2854 antequam
1051 2787 1187 2853 hujus
1229 2786 1452 2839 Ecclesiae
1493 2795 1666 2838 statum

91 2870 407 2931 cognovisset.

157 2938 294 2993 Titus
322 2960 431 3009 ergo
456 2941 522 2995 D.
534 2940 1028 3004 Paulo-charissimus,
1058 2946 1104 2990 et
1135 2941 1195 2990 ab
1230 2956 1286 2989 eo
1311 2939 1388 2989 diu
1412 2946 1457 2990 et
1476 2935 1677 2987 sollicite-
