1794 3210
44 2748 46 2750 ’
129 2732 255 2781 tione
281 2728 393 2776 boni
423 2724 547 2792 quod
569 2742 627 2776 ex
648 2726 715 2774 eis
737 2725 951 2774 nascitur.

139 79 254 127 27⁰.
430 76 684 112 secrmDAE
708 62 985 128 *tms'rornss
1017 81 1093 126 Α»
1127 79 1452 145 coarmatos

135 148 332 207 malum,
361 165 422 198 ne
437 150 734 212 succumbat,
761 153 912 203 acrius
934 155 1058 205 vires
1079 157 1251 216 exerit,
1282 157 1330 206 in
1348 153 1514 219 Deum,
1521 175 1579 224 se
1599 177 1709 228 pro-

134 230 254 292 jicit,
294 236 341 278 et
377 246 557 282 novam
572 232 763 295 gratiam
786 234 1028 299 impetrat,
1059 233 1148 302 qua
1179 231 1350 288 Christi
1374 240 1551 298 virtus
1537 256 1587 291 ιη
1607 241 1709 306 ipso

136 304 400 371 perficitur:
424 309 483 356 ita
511 303 824 359 Fromondns.
1357 356 1361 362 .
1483 336 1491 340 “

204 378 406 447 Itaque'
393 400 440 431 in
463 386 715 434 tentatione
744 384 1054 438 infirmitatem
1091 395 1213 439 tuam
1249 406 1497 455 agnosce,
1519 388 1709 444 hunuiia

131 464 334 529 animam
373 472 497 513 tuam
526 481 678 514 coram
714 462 848 526 De0,
882 467 940 518 ad
973 463 1075 531 ejus
1099 469 1320 520 auxilium
1354 488 1571 532 recurre;
1594 479 1708 530 ωηο

132 542 349 591 virtutem
371 544 598 605 accipies,
628 545 732 591 cum
758 543 1066 596 infirmitatem
1087 564 1324 613 agnosces.

202 618 437 677 Libenter.
461 615 545 668 Gr.
567 616 888 682 libentissime.
912 616 1189 673 Ambrosius
1214 625 1535 676 libentissime.

202 689 531 744 Libentissime
569 695 703 758 igitur
733 697 983 759 gloerabor
1005 695 1090 748 Gr.
1113 705 1257 764 magis
1276 702 1521 766 gloriabor,
1544 700 1592 752 id
1613 707 1704 763 est,

133 774 238 838 quia
261 769 431 822 Christi
451 774 600 821 vit-lus
623 774 669 821 in
691 773 780 837 ms
781 775 970 824 rmztate
981 776 1250 840 perficitur,
1273 781 1428 844 sicque
1450 779 1565 830 mihi
1589 795 1706 846 pro·

130 849 234 900 dest
258 845 384 918 quod
425 867 514 899 noc
518 867 594 900 ere
620 852 867 917 putabam,
893 853 1006 902 hinc
1028 855 1330 909 libentissime}
1361 859 1513 920 magis
1528 859 1703 921 gloria-

101 988 105 990 ,
130 929 232 990 bor,
251 929 327 980 vel
338 931 573 993 gloriabor
595 932 745 997 potius
761 932 806 980 in
827 931 1166 983 infirmitatibus
1179 927 1295 984 meis
1318 936 1704 1001 quibuscumqne;

122 1009 230 1058 sive
256 1010 346 1059 sint
370 1012 394 1057 a
429 1016 612 1068 natura,
640 1011 741 1058 sive
761 1005 868 1059 Deo
901 1012 1200 1075 permittente
1220 1015 1308 1062 sint
1332 1012 1389 1062 ab
1414 1015 1681 1065 extrinseco
1679 1050 1709 1080 ,.

124 1089 270 1152 quam
293 1088 339 1135 in
363 1085 750 1148 revelationibus,
781 1086 970 1153 aliisque
994 1090 1163 1138 rebus'
1152 1107 1199 1139 m
1223 1107 1275 1139 se
1300 1089 1528 1154 gssoriosis.

160 1177 162 1179 ’
212 1166 536 1216 Πιίηῆαἱιιᾞιετ
557 1163 666 1233 Syr.
690 1173 738 1215 ut
763 1166 945 1231 obtegat
972 1183 1047 1216 me
1073 1169 1215 1217 virtus
1237 1165 1428 1230 Christi,
1455 1177 1506 1219 ut
1526 1145 1707 1221 Christi

131 1246 336 1307 potentia
370 1242 544 1308 plenius
580 1251 627 1292 et
649 1242 894 1307 perfectius
915 1242 1165 1303 inhabitet,
1201 1261 1282 1294 seu
1306 1240 1452 1294 fixam
1492 1253 1537 1296 et
1555 1248 1706 1298 stabi-

128 1317 254 1368 lem
242 1338 289 1368 m
307 1337 384 1369 me
408 1318 568 1368 sedem
592 1317 776 1370 habeat.
1523 1359 1537 1367 Α.

200 1391 261 1454 ᾖ.
291 1414 368 1447 10.
407 1396 605 1460 Propter
630 1394 765 1459 quod.
782 1431 795 1444 .
812 1430 826 1444 .
854 1393 903 1444 id
931 1402 1021 1458 est,
1051 1403 1239 1462 propter
1279 1393 1379 1447 has,
1396 1396 1600 1461 insignes
1623 1397 1706 1449 inv

130 1475 355 1527 firmitatis
370 1473 605 1533 utilitates,
625 1489 706 1521 seu
726 1475 828 1538 quia
853 1490 934 1538 per
947 1473 1040 1523 illas
1055 1472 1312 1538 perficam·
1323 1474 1476 1524 virtus
1496 1470 1703 1535 Christi,
1708 1518 1712 1522 .

132 1561 180 1604 et
201 1555 304 1619 quia
332 1568 412 1617 per
449 1560 494 1601 et
517 1558 703 1616 propter
730 1550 826 1600 illas
861 1551 1122 1611 inhabitat,
1150 1552 1422 1601 immoratur
1432 1555 1706 1648 ,magisque

131 1629 425 1679 confirmatur
461 1628 638 1677 Christi
662 1630 831 1687 virtus,
862 1626 1127 1678 imhomine
1164 1628 1364 1678 infirmo.

199 1703 458 1773 Propterea
481 1722 575 1754 non
599 1704 833 1770 patienter
859 1708 1036 1754 tantum
1066 1684 1232 1764 tolero,
1252 1703 1337 1769 sed
1358 1679 1538 1753 etmihi
1562 1721 1706 1761 com-

127 1786 308 1854 placeo,
348 1794 394 1836 et
433 1785 726 1835 condelector
760 1787 807 1834 in
843 1783 1201 1846 infirmitatibuS,
1242 1785 1293 1834 in
1336 1785 1614 1848 ignominia,
1653 1785 1705 1841 in

130 1869 525 1934 oppressionibus,
544 1869 590 1915 in
610 1864 1029 1930 persecutionibus,
1055 1866 1103 1913 in
1124 1863 1380 1919 carceribus
1399 1879 1482 1926 pro
1499 1857 1725 1915 Christtn¹

198 1947 352 2001 Etiam
376 1948 607 1999 stimulum
633 1949 777 1998 carnis
804 1945 1008 2010 intellige
1028 1944 1106 1996 hic
1129 1943 1532 2010 comprehensum.
1646 1993 1654 1998 .

209 2028 326 2078 Ciam
350 2030 476 2078 enim
504 2026 742 2091 infirmor,
770 2024 816 2074 id
841 2031 936 2085 est,
963 2022 1044 2073 has
1084 2022 1372 2073 infirmitates
1394 2038 1489 2087 pro
1517 2016 1703 2072 Christo
1787 2037 1794 2059 2

127 2110 314 2173 patior3
689 2130 693 2131 ff

205 2189 336 2236 Tunc
366 2195 532 2251 potens
558 2201 682 2242 sum,
717 2178 888 2231 Christi
916 2181 1104 2240 virtute,
1141 2193 1247 2243 quae
1278 2179 1324 2228 in
1352 2192 1430 2225 me
1456 2173 1703 2235 inhabitat,
1780 2220 1794 2258 '3

126 2263 363 2328 perficitur
386 2269 447 2311 et
454 2267 659 2324 augetur,
687 2265 745 2306 et
755 2274 831 2305 me
861 2259 1100 2320 potentem
1123 2251 1292 2313 reddit,
1325 2259 1371 2303 et
1395 2251 1643 2305 omnihus
1629 2267 1726 2303 ut·

128 2343 418 2394 firmitatibus
440 2350 484 2391 et
507 2339 837 2390 tentationibus
858 2337 1159 2402 superiorem.

197 2420 294 2473 Sed
321 2422 561 2487 gloriarine
593 2418 718 2477 licet,
760 2424 836 2466 aut
870 2413 1153 2478 complacere
1177 2413 1266 2461 sibi
1298 2412 1347 2461 in
1376 2407 1705 2461 tentationibus
1775 2409 1794 2430 ³

123 2499 300 2550 carnis.
288 2498 309 2532 Ρ
332 2514 429 2546 non
463 2495 564 2544 licet
598 2496 646 2543 in
683 2509 734 2541 se
759 2490 1077 2551 consideratiS,
1098 2496 1322 2554 quatenus
1340 2486 1401 2538 ad
1420 2485 1598 2541 malum
1617 2499 1706 2536 εκ*
1787 2486 1794 2499 ’“

128 2580 299 2635 citant;
329 2575 413 2626 sed
436 2574 558 2634 licet,
585 2580 805 2639 quatenus
814 2567 1101 2619 afflictiones
1122 2575 1228 2617 sunt
1259 2584 1287 2616 a
1313 2562 1417 2616 Deo
1438 2566 1709 2632 permissae,

129 2662 175 2704 et
200 2661 422 2718 quatenus
447 2653 493 2700 in
521 2651 591 2710 iis,
619 2657 661 2698 et
685 2665 766 2713 per
789 2664 866 2698 eas
886 2647 1120 2711 perficitur
1139 2647 1284 2696 virtus
1308 2640 1501 2704 Christi,
1528 2659 1612 2695 seu
1629 2657 1704 2693 ra·
1781 2665 1794 2739 '1'

203 2813 377 2865 Beatus
398 2832 470 2863 mr
485 2832 563 2878 qut
557 2809 747 2877 'suffert
760 2812 1083 2869 tentationem,
1102 2809 1467 2875 quoniachum‘
1362 2803 1725 2910 cumprobatus
1772 2790 1794 2835 *²³

127 2891 292 2955 fuerit,
317 2894 522 2956 accipiet
545 2910 766 2941 coronam
790 2886 1226 2942 vitoe.Jac.1.12.
