1794 3210
393 112 607 149 'rmPLEx
648 111 941 149 Exposrmm
980 95 1098 161 Cap.
1135 94 1232 149 IV.
1493 96 1598 166 429

41 179 222 231 dierum*
239 182 432 242 itinere3
461 202 556 235 non
578 192 730 251 potest
767 202 875 250 ergo
897 184 985 235 dici
1008 184 1112 235 loco
1129 221 1145 248 ,
1168 201 1247 236 seu
1265 185 1602 251 propinquitate

38 255 166 308 locali
189 259 478 325 conjunctus.
869 252 877 264 ¹
1565 272 1570 277 ’

18 361 34 367 ·’
106 333 202 387 Sed
223 338 362 390 debet
380 341 565 406 intelligi
586 341 708 407 quod
725 341 951 405 quadrat,
974 357 1054 389 seu
1071 343 1389 406 cognatIOnem
1412 351 1454 392 et
1475 344 1607 392 simi-

39 410 276 464 litudinem
305 415 446 466 habet
466 411 568 468 cum
591 414 880 480 Jerosolyma
902 418 1044 465 nostri
1069 417 1288 479 temporis
1312 453 1326 479 ‚
1347 434 1427 465 seu
1447 416 1606 467 similis

40 496 112 539 est
135 491 422 543 conditionis.

112 567 176 616 Et
194 569 401 619 servitu..
426 569 727 631 conditionis,
754 569 955 632 scilicet,
979 569 1154 620 servilis
1176 588 1186 618 :
1209 573 1323 641 sicut
1337 566 1446 619 Sina
1458 585 1605 633 gene·-

41 648 158 695 ravit
179 637 362 707 servoS‚
394 650 453 697 ita
478 657 522 697 et
545 646 576 697 J
583 649 835 715 erosolyma
860 666 1023 703 servos
1042 657 1228 714 generat
1246 657 1290 700 et
1315 650 1540 698 continet.

40 788 46 790 ξ
107 711 165 772 f.
190 722 270 772 26.
299 725 393 772 Illa
412 734 587 787 autem,
609 745 710 791 quoe
728 746 908 775 sursum
931 736 1047 776 est...
1071 724 1362 774 debebathic
1375 724 1464 773 dici
1483 724 1609 789 qubd

0 828 4 829 ν
40 794 148 848 Sara
169 802 226 850 sit
254 803 363 850 novi
382 806 638 860 testamenti
661 804 797 868 figura
814 803 837 867 ‚‘
853 807 932 854 seu
969 805 1109 868 figura
1132 801 1357 852 Ecclesiae
1372 840 1385 866 ,
1411 819 1515 867 quae
1539 810 1608 853 est

42 879 239 930 coelestis
257 879 535 942 Jerusalem
553 893 596 933 at
620 887 798 948 omisit,
821 892 868 934 ut
887 903 984 935 rem
1007 902 1067 935 ex
1084 901 1133 935 se
1154 885 1343 947 claram,
1366 892 1606 935 contentus

41 952 161 1004 hanc
181 954 430 1008 Ecclesiam
456 968 645 1024 quatuor
668 963 885 1025 insignire
900 965 1038 1011 notiS.

109 1031 287 1098 Primo,
307 1038 500 1088 coelestis
519 1049 603 1101 cst,
621 1041 678 1089 de
693 1059 897 1100 sursum,
919 1041 1195 1091 descendite
1214 1041 1344 1091 coelO.
1362 1037 1513 1107 Apoc.
1532 1031 1612 1095 ἐπὶ

43 1102 102 1160 fi,
126 1132 180 1174 2,
209 1117 310 1177 quia
327 1112 468 1164 Filius
499 1115 592 1165 Dei
614 1117 668 1165 de
690 1117 804 1165 coelo
834 1118 1122 1167 descendens
1142 1135 1244 1167 eam
1268 1117 1494 1167 fundavit.

109 1187 324 1240 Secundo
340 1229 354 1252 ‚
394 1188 685 1256 Jprusolem',
731 1213 813 1265 seu
854 1197 976 1260 pacis
1020 1197 1161 1256 visio,
1209 1212 1368 1259 pacem
1408 1194 1535 1244 dedit
1571 1183 1615 1245 ei

54 1263 277 1317 Christus.
298 1267 437 1319 Joan.
465 1271 540 1331 14.
569 1289 648 1337 27.

107 1344 270 1397 Tertio
289 1384 302 1407 ‚
331 1350 498 1396 Libera
521 1359 612 1408 est,
643 1358 686 1398 et
710 1352 757 1399 in
779 1349 1031 1399 libertatem
1055 1366 1276 1415 generans
1299 1365 1381 1413 per
1397 1350 1608 1414 spiritum

47 1422 303 1489 adoptionis
329 1425 547 1488 filiorum,
571 1428 619 1474 in
641 1444 726 1491 quo
749 1428 1010 1474 clamamus
1034 1443 1050 1470 .-
1079 1427 1239 1486 Abba,
1270 1425 1438 1483 Pater,
1472 1415 1530 1476 fi.
1558 1425 1608 1476 6.

109 1500 311 1566 Quarto,
336 1504 677 1555 foecundissima
704 1517 771 1557 est
803 1514 845 1556 et
864 1515 1015 1554 mater
1031 1516 1224 1566 nostra,
1257 1522 1355 1573 quae
1377 1522 1462 1554 nos
1491 1499 1607 1555 Deo

41 1587 237 1651 peperit.

107 1651 165 1712 Ῠ.
193 1681 271 1729 27.
297 1664 527 1730 Scriptum
554 1675 622 1714 est
644 1669 837 1716 enim...
873 1664 976 1716 lsai.
1004 1665 1085 1727 54.
1109 1658 1166 1716 Ῠ.
1199 1683 1239 1714 ι.

108 1739 287 1790 sterilis
313 1750 356 1791 et
380 1743 582 1804 deserta,
610 1741 814 1793 Ecclesia
834 1752 904 1792 est
933 1761 991 1792 ex
1013 1741 1266 1802 Gentibu3‚
1294 1758 1376 1791 seu
1400 1737 1605 1791 Ecclesia

42 1811 211 1866 Christi
235 1833 297 1868 ex
327 1816 553 1869 Gentibus
578 1820 776 1869 maxima
797 1821 868 1869 sui
889 1829 1011 1885 parte
1032 1819 1234 1869 collecta.

116 1893 281 1940 Virum
302 1894 498 1956 habens,
531 1903 597 1944 est
622 1913 871 1960 synagoga.

110 1966 249 2019 Hanc
271 1971 319 2018 in
346 1970 642 2022 soecunditate
669 1973 805 2036 longe
823 1972 1052 2036 superavit
1078 1964 1314 2031 Ecclesia,
1342 1969 1466 2036 quod
1485 1970 1606 2020 bene

38 2043 275 2108 figuratum
298 2053 371 2096 est
393 2065 473 2112 per
500 2045 644 2110 Sara,
682 2065 783 2113 quae
823 2066 884 2099 ex
921 2047 1060 2098 sterili
1098 2046 1210 2096 facta
1245 2054 1312 2095 est
1348 2062 1604 2097 numerosae

39 2119 175 2183 prolis
194 2119 354 2171 mater.

107 2194 176 2258 Υ.
218 2195 300 2246 28.
340 2199 444 2249 Nos
473 2208 628 2249 aulem
639 2199 876 2266 fratres...
911 2203 1067 2267 incipit
1093 2199 1347 2266 allegoriam
1379 2198 1601 2265 applicare

39 2275 290 2336 proposito,
340 2295 345 2298 ’
490 2286 492 2289 ·

107 2351 240 2412 Nos,¹
273 2354 346 2418 qui
383 2356 430 2402 in
465 2350 709 2408 Christum
745 2359 998 2421 credimus,
1030 2376 1134 2409 non
1168 2375 1324 2408 sumus
1346 2358 1606 2408 secundum

38 2425 281 2479 Ismaelem
298 2468 312 2492 ‚
353 2448 433 2480 seu
463 2441 509 2481 ut
534 2431 696 2485 Ismael
716 2474 728 2498 ,
759 2437 837 2486 filii
864 2439 1007 2486 carnis
1033 2445 1076 2486 et
1097 2444 1268 2486 naturae
1290 2436 1494 2498 viribus;
1519 2436 1602 2487 sed

39 2506 97 2557 ad
117 2509 256 2557 instar
275 2503 407 2559 Isaac
425 2527 579 2561 sumus
602 2530 660 2562 ex
689 2517 854 2564 virtute
880 2516 1049 2565 divina.

109 2581 298 2648 Quippe
331 2581 576 2637 Christiani
613 2606 694 2654 per
730 2592 927 2642 verbum
968 2589 1094 2655 Dei,
1131 2593 1201 2646 cui
1245 2591 1456 2654 credunt,
1485 2592 1598 2641 fiunt

34 2663 286 2729 spirituales
309 2658 514 2715 Abrahae
536 2666 628 2718 filii.
1136 2667 1140 2670 ¹

12 2775 13 2778 =
107 2733 166 2794 3⁵.
193 2761 276 2812 29.
300 2745 395 2792 Sed
413 2735 638 2810 quomodo
660 2756 824 2799 tunc...
850 2748 988 2799 altera
1010 2747 1231 2813 allegoriae
1256 2742 1520 2816 applicatio.

101 2816 286 2891 ,Alludit
320 2824 376 2872 ad
402 2824 446 2874 id
472 2825 595 2890 quod
634 2824 807 2879 Genes.
838 2846 922 2880 21.
953 2827 983 2878 3
1002 2866 1014 2888 ,
1046 2828 1240 2890 (licitum
1275 2830 1358 2882 sed
1383 2828 1459 2889 hic
1483 2845 1600 2882 voca

35 2901 428 2966 persecutionem,
457 2903 580 2971 quod
605 2905 669 2957 ibi
693 2905 854 2957 dicitur
874 2906 1015 2959 lusus,
1133 2919 1138 2922 ’
