1794 3210
136 5 240 74 458
602 23 870 65 emsromz
905 25 979 62 An
1013 27 1250 65 muns
1302 47 1324 74 -,

207 93 454 146 Honorem
487 104 714 147 venantur
739 115 799 148 ex
822 99 878 148 iis
909 101 1047 161 rebus
1071 101 1120 150 in
1158 102 1455 166 quibusnon
1478 114 1550 159 est
1574 125 1710 165 vetus

136 171 309 234 honor,
335 191 380 221 v
406 191 479 238 g..
502 191 563 223 ex
587 176 809 237 scientia,
841 175 1130 241 eloquentia,
1161 178 1347 231 divitiis.

206 251 255 304 A
284 258 459 304 caeteris
483 256 543 304 ob
568 254 670 305 haec
695 255 856 306 volunt
877 257 1111 324 distingui.

205 331 408 398 Hocque
437 335 622 399 spiritu,
653 333 728 383 vel
759 334 870 383 alios
900 336 1261 401 parvipendunt,
1314 339 1584 407 illorumque
1621 340 1714 394 de-

135 411 280 465 fectus
309 412 616 480 patefaciunt3
646 414 720 463 vel
743 414 917 464 illorum
941 416 1077 465 bonis
1099 417 1325 469 invident.

206 491 346 543 Haec
359 501 510 542 autem
535 495 583 541 in
616 489 790 542 Galatis
813 494 1138 559 reprehendit,
1163 499 1266 562 quia
1293 497 1413 563 apud
1446 501 1572 564 ipsos
1606 498 1728 555 free-⁷

140 574 343 641 quentia.
1199 624 1205 629 .

204 652 319 702 Non
347 652 492 700 simus
515 650 674 699 inanis
693 650 906 713 glorioe...
930 646 1050 701 Vide
1073 650 1399 717 paraphrasim.

138 813 446 863 Corollarium
471 812 662 876 pietatis
677 847 693 870 ,
722 830 801 860 seu
820 811 868 859 in
894 811 985 860 hoc
1012 806 1178 877 Capite
1202 813 1232 863 5
1247 852 1259 875 ‚
1281 815 1348 862 od
1362 817 1585 879 pietatem
1606 835 1713 867 ma·

387 891 518 939 xime
550 889 790 941 notanda,
822 897 868 937 et
895 890 963 937 ad
981 893 1176 954 praxim
1199 892 1465 955 redigenda.

140 1034 269 1142 Ex
295 1090 456 1158 Capite
481 1100 638 1158 quarto
673 1091 911 1156 didicimus
945 1090 1222 1142 ineffabilem
1254 1103 1422 1145 nostrae
1451 1096 1501 1146 in
1530 1091 1716 1147 Christo

135 1177 493 1241 regenerationis
533 1173 802 1237 dignitatem
836 1191 848 1220 ι
890 1175 936 1221 in
964 1191 1015 1222 ea
1052 1173 1348 1238 adoptionem
1386 1175 1583 1226 filiorum
1622 1173 1716 1227 Dei

134 1256 419 1319 recepimus,
449 1246 557 1300 facti
580 1268 638 1300 ex
662 1250 760 1299 filiis
785 1250 1054 1310 hominum,
1079 1250 1156 1299 filii
1180 1249 1298 1311 Dei,
1325 1270 1423 1320 cap.
1446 1253 1493 1313 4.
1521 1248 1575 1310 ᾖ,
1606 1251 1658 1311 5;

208 1329 334 1380 Tum
363 1332 465 1395 quia
494 1326 756 1401 Christum,
790 1327 1222 1376 consubstantialem
1253 1326 1344 1378 Dei
1376 1327 1575 1390 Filium,
1606 1326 1729 1380 tune*

136 1412 395 1466 induimus,
426 1426 523 1472 cap.
549 1406 596 1455 3.
618 1403 670 1460 79.
695 1427 774 1472 27.
796 1422 1029 1471 unumque
1045 1404 1147 1455 facti
1168 1424 1322 1456 sumus
1345 1425 1392 1456 m
1412 1407 1514 1467 illo
1539 1403 1596 1462 79.
1618 1405 1711 1467 283
1758 1467 1760 1469 ¹

204 1483 333 1535 Tum
360 1486 466 1547 quia
492 1480 710 1547 Spiritum
737 1491 973 1542 sanctum,
1001 1479 1106 1531 Filii
1129 1480 1218 1532 Dei
1245 1479 1499 1547 Spiritum,
1533 1485 1582 1565 in
1607 1500 1719 1534 cor·

139 1564 272 1613 dibus
301 1563 466 1610 nostris
492 1568 599 1609 tunc
624 1562 907 1624 recepimus,
938 1575 1037 1624 cap.
1064 1559 1111 1619 4.
1145 1557 1196 1613 ψ.
1225 1558 1273 1610 6

207 1641 442 1692 Christum
466 1643 599 1704 igitur
632 1638 803 1699 induti,
835 1637 1003 1704 Spiritu
1037 1646 1193 1688 sancto
1232 1641 1456 1701 animati,
1495 1646 1606 1692 vere
1637 1641 1718 1693 filii

136 1722 243 1773 sacti
284 1739 463 1778 sumus3
504 1720 612 1780 filii,
649 1722 865 1786 inquam,
904 1736 1002 1767 non
1041 1721 1243 1771 minores
1281 1738 1333 1770 ac
1361 1722 1515 1786 pueri,
1553 1723 1723 1773 timore

135 1816 312 1866 poenae,
344 1807 391 1848 ut
415 1802 570 1861 servi,
595 1796 704 1847 Deo
726 1799 1009 1861 serviente3‚
1039 1801 1152 1847 sicut
1176 1798 1285 1847 olim
1316 1796 1509 1858 Judaei3
1532 1799 1630 1849 sed.
1638 1789 1726 1857 fitii'

137 1879 369 1939 majores,
396 1875 555 1938 liberi,
583 1878 649 1924 sui
678 1877 784 1938 juris
805 1911 817 1935 ‚
851 1863 998 1924 Patris
1030 1874 1388 1926 haereditatem
1377 1894 1465 1939 Jam
1504 1894 1564 1927 ex
1592 1883 1719 1942 parte

136 1953 375 2022 possident
380 1972 428 2003 es
457 1972 538 2018 per
571 1951 788 2019 Spiritum
809 1961 1047 2016 sanctum,
1077 1955 1212 2003 nobis
1244 1962 1291 2004 ut
1319 1957 1482 2019 pignus
1513 1951 1719 2006 haeredi-

139 2037 244 2084 tatis
266 2043 448 2083 aeternae
473 2034 642 2083 datum.

212 2107 272 2159 Et
296 2109 397 2159 haec
422 2119 489 2160 est
511 2118 680 2158 nostrae
707 2111 752 2157 in
776 2105 962 2165 Christo
976 2108 1343 2172 regenerationis
1353 2107 1594 2157 nobilitas·
1583 2145 1596 2164 ,
1617 2105 1718 2158 haec

141 2183 504 2238 Christianorum
536 2206 669 2253 supra
692 2186 877 2236 Judaeos
899 2189 1227 2252 praerogativa,
1268 2203 1403 2251 quam
1435 2186 1595 2236 videre
1614 2194 1713 2249 est,

142 2286 240 2335 cap.
271 2271 317 2331 4.
344 2263 401 2321 Jff.
435 2290 478 2332 1,
504 2288 551 2332 2,
586 2269 632 2329 3,
661 2270 707 2330 4,
737 2267 787 2329 5,
809 2267 859 2327 6,
896 2284 940 2331 7.
1276 2259 1278 2261 ’
1727 2324 1731 2326 -

212 2346 352 2399 Nunc
376 2358 555 2408 autem,
588 2357 637 2396 ut
676 2346 762 2394 hac
805 2347 852 2393 in
890 2362 940 2393 re
977 2343 1090 2392 nihil
1131 2345 1267 2393 nobis
1304 2343 1420 2393 desit
1444 2343 1742 2405 sciendum‚'

144 2427 369 2478 discamus
405 2446 464 2479 ex
485 2428 576 2477 hoc
613 2429 758 2492 capite
795 2425 952 2490 quinto
979 2423 1036 2473 ad
1061 2425 1169 2489 quid
1202 2431 1328 2474 tanto
1358 2423 1531 2490 dignati
1558 2440 1717 2505 sumus

140 2502 337 2555 honore.
