1754 3210
429 55 655 92 ramex
692 32 1625 102 Exposmo.Cap.VI12·7

99 128 296 190 Inutilis
324 128 527 194 redditur
549 137 594 179 et
620 128 836 194 quaelibet
856 124 947 176 Dei
973 130 1139 192 gratia,
1164 129 1203 176 si
1223 143 1325 176 cum
1362 142 1418 176 ea
1437 140 1536 175 non
1558 124 1632 175 la-

15 198 290 275 fsboramus,
317 207 356 255 si
374 205 431 254 ad
454 222 570 271 opus
592 222 687 255 non
710 204 942 268 redigitur.

23 275 45 338 fi<
87 283 263 336 Heu!
288 292 398 349 quot
423 280 691 332 Christianis
717 289 763 330 et
787 281 938 344 gratia
961 275 1157 345 Christi,
1190 287 1236 328 et
1266 275 1511 328 Christus
1499 294 1631 343 ipse,

0 395 5 399 ·
28 361 359 414 substantialis
395 356 496 411 Dei
530 360 698 425 gratia,
723 357 928 409 redditur
963 355 1159 404 inutilis.
1184 364 1294 420 quot
1319 372 1431 419 ergo
1466 355 1630 419 quibus

55 439 146 490 dici
171 446 350 505 potest.
373 438 641 487 Hortamur
664 452 767 494 vos,
801 453 858 483 ne
880 453 927 482 ιη
964 449 1167 483 vacuum
1192 435 1399 496 graham
1435 433 1527 482 Dei
1549 453 1632 482 re·-

58 520 263 585 είΡιαίιέ.

126 589 184 646 fi.
207 614 256 644 3.
278 593 373 642 Act
391 592 550 658 enim..
557 588 716 641 .Deus
744 589 864 654 apud
886 587 1048 640 Isaiam
1073 589 1345 657 prophetam
1368 543 1453 658 49
1478 588 1528 639 8.
1646 649 1649 650 ⁷

8 735 9 738 Ἰ
123 670 192 723 Ut
214 656 479 722 Corinthios
502 678 664 735 urgeat
688 669 745 718 ad
764 668 958 718 fideliter
975 668 1144 718 divinae
1166 671 1318 734 gratiae
1340 667 1631 733 responden·

55 751 166 811 dum
183 787 196 811 ,
221 759 270 801 et
295 750 354 800 ad
377 767 476 799 suae
496 749 650 798 salutis
683 765 824 812 opus,
852 763 955 797 cum
978 743 1068 797 Dei
1106 747 1329 809 adjutorio
1349 784 1362 808 ,
1386 751 1556 797 attente
1583 754 1631 797 et

54 829 218 880 sedule
235 827 564 894 perficiendum
588 864 600 886 ,
624 833 785 880 monet
806 841 904 884 e03,
933 824 1056 888 qubd
1079 825 1196 873 adsit
1218 823 1301 873 illis
1331 831 1510 889 tempus
1536 841 1630 891 op·-

56 913 302 972 portunum
324 907 510 971 gratiae,
533 922 560 953 3
586 900 834 967 Prophetis
852 910 1057 968 optatum
1082 911 1126 953 et
1150 903 1436 968 praedictum;
1461 910 1504 952 et
1522 901 1631 952 hor·

56 991 175 1033 tatur
197 990 550 1049 consequenter,
575 989 622 1029 ut
647 997 704 1028 eo
724 988 904 1029 utantur
927 982 1064 1030 bene.

125 1056 207 1119 Ait
234 1054 372 1109 Pater
397 1065 590 1109 aeternus
606 1053 726 1105 Filio
750 1072 859 1118 suo,
890 1057 936 1103 in
961 1073 1094 1106 cruce
1120 1074 1202 1123 pro
1222 1057 1364 1108 salute
1386 1058 1629 1108 hominum

54 1140 264 1205 patienti,
282 1146 326 1189 et
347 1138 644 1204 deprecanti:
666 1135 712 1186 '1
715 1153 906 1201 empore
923 1137 1208 1203 acceptabili,
1235 1137 1458 1200 placabili,
1484 1154 1630 1187 exau-

54 1217 230 1277 divite;
262 1226 306 1268 et
330 1220 377 1278 in
416 1216 492 1267 die
514 1217 696 1280 salutis,
727 1234 808 1266 seu
838 1213 926 1281 que
948 1215 1141 1266 salutem
1164 1215 1436 1270 hominibus
1459 1233 1629 1282 opera-

52 1295 197 1357 baris,
228 1296 383 1360 adjuvi
407 1304 467 1348 te.

111 1425 114 1428 ,
137 1371 345 1425 Christus
386 1376 435 1424 in
461 1389 594 1434 cruce
620 1374 828 1423 anxiatus
850 1381 921 1424 est
954 1389 1036 1438 pro
1058 1372 1222 1432 nobis,
1265 1369 1420 1432 flevit,
1449 1372 1627 1421 oravit:

55 1448 187 1502 Deus
202 1448 326 1500 illum
349 1447 584 1503 exaudivit
600 1462 687 1515 pro
728 1469 815 1500 sua
834 1469 905 1501 res
906 1450 1114 1510 cremia,
1144 1451 1278 1514 eique
1312 1450 1519 1513 promisit
1545 1463 1630 1514 pro

55 1531 196 1583 nobis
214 1528 378 1581 auxilia
395 1531 569 1594 gratiae.
1639 1583 1647 1591 ,-

122 1607 234 1659 Hoc
258 1600 483 1674 prarsidit,
512 1617 558 1659 et
582 1578 938 1675 praedixitlsaies
959 1610 1106 1658 citatis
1133 1608 1302 1668 verbis,
1330 1607 1407 1656 ubi
1428 1612 1627 1673 praeter-

49 1690 165 1739 itum
194 1690 377 1753 ponitur
394 1704 476 1754 pro
513 1686 690 1752 sutum,
726 1706 856 1739 more
881 1688 1184 1755 prophetice,
1219 1687 1280 1736 ob
1305 1685 1498 1736 eventus
1520 1678 1648 1748 cer--¹

53 1767 316 1819 titudinem.

122 1830 275 1893 Adest
295 1859 402 1907 ergo
422 1841 656 1908 praedictio
680 1846 898 1911 temporis
917 1810 961 1894 et
981 1845 1134 1909 gratiae
1160 1843 1220 1892 ob
1251 1838 1422 1892 Ch1isti
1464 1842 1627 1923 merita-

51 1919 217 1983 fflturi,
240 1920 298 1970 ab
322 1917 449 1969 153ἰ3
456 1918 587 1969 sacta.

119 1994 262 2047 Hanc
278 2003 430 2045 autem
454 1995 802 2060 praedictionem
824 1995 888 2047 D.
909 1993 1077 2047 Paulus
1097 1997 1206 2047 dicit
1232 2013 1356 2047 nunc
1374 1995 1622 2062 impletam.

43 2119 49 2122 ι
110 2074 243 2128 Ecce
265 2091 393 2123 nunc
419 2082 600 2141 tempus
628 2071 952 2139 αεεεριαόιῖε,
978 2075 1107 2125 adest
1143 2076 1277 2127 nobis
1315 2083 1494 2140 tempus
1517 2074 1625 2126 illud

48 2152 267 2215 amabile,
279 2161 337 2206 et
356 2170 471 2211 cum
484 2156 611 2206 omni
635 2153 811 2218 gaudio
823 2161 868 2203 et
895 2153 1177 2210 exultatione
1208 2151 1555 2230 acceptandum.
1607 2213 1616 2220 .

117 2231 251 2286 Eece.
261 2249 386 2292 nunc
400 2231 499 2295 dees
514 2232 699 2297 salutis.
722 2225 832 2296 Syr.
858 2207 955 2302 dies
975 2232 1096 2281 vitae.

118 2301 230 2356 Jam
251 2283 499 2362 illucescit
489 2304 626 2357 vobis
649 2307 747 2357 dies
769 2307 840 2357 ille
858 2309 1198 2372 acceptissimus
1222 2306 1408 2367 salutis,
1430 2306 1622 2374 diesque

49 2386 176 2446 vitae.
198 2378 281 2435 Ne
304 2385 458 2437 sinatis
484 2402 598 2451 ergo
607 2383 768 2451 frustra
797 2387 931 2436 vobis
959 2385 1110 2464 elabi,
1136 2385 1219 2434 sed
1239 2403 1295 2436 eo
1317 2386 1512 2458 salutem
1533 2404 1620 2438 se-

56 2447 170 2525 dul&
181 2446 454 2535 operamini.
994 2479 995 2482 ¹
1458 2480 1460 2483 ’

132 2532 193 2586 'l
192 2554 352 2604 empus
391 2529 496 2588 ante
530 2524 797 2603 Christum,
834 2559 930 2591 non
975 2542 1059 2593 suit
1096 2542 1223 2602 dies,
1267 2543 1365 2594 sed
1386 2561 1519 2606 nox,
1558 2545 1622 2594 ait

53 2611 120 2691 D.
145 2613 192 2666 Γ
194 2615 385 2668 homas
410 2618 510 2682 quia
538 2625 646 2668 tunc
664 2619 839 2669 umblae
860 2624 1034 2670 tantum
1057 2630 1102 2672 et
1126 2623 1346 2672 tenebrae.

117 2679 345 2760 Tempus
348 2702 500 2744 autern
522 2691 690 2747 Christi
711 2683 809 2748 dies
828 2707 928 2761 est,
956 2701 1016 2750 ob
1040 2695 1223 2751 luminis
1242 2701 1586 2756 abundantiam.

115 2772 243 2834 Ante
263 2773 495 2827 Christum
512 2795 608 2827 non
630 2787 722 2829 erat
742 2780 875 2841 salus,
901 2784 1004 2847 quia
1026 2782 1172 2832 nullus
1197 2783 1254 2831 ad
1276 2779 1421 2833 finem
1443 2782 1613 2846 salu'tis',

49 2868 128 2903 seu
147 2853 205 2902 ad
224 2857 450 2906 visionem
473 2854 564 2908 Dei
587 2861 914 2925 perveniebat,
935 2864 996 2911 ait
1031 2859 1094 2913 D.
1119 2859 1352 2913 Thomas·
