1754 3210
125 28 225 82 106
385 44 635 89 SECUNDAE
666 48 927 105 EPISTOLA}
963 52 1035 88 An
1067 51 1388 104 cotxm'rfflos

119 123 248 171 tione
267 158 280 182 ,
315 119 511 184 divitiis,
531 122 607 175 vel
629 125 675 178 in
707 126 980 191 quibusdam
1018 126 1161 177 bonis‘
1189 130 1519 196 apparentibus,
1530 136 1699 200 operi-

120 197 229 260 bus,
268 215 368 263 quae
399 197 587 263 faciunt,
617 199 820 270 hincque
852 203 1119 270 gloriantur.
1422 254 1424 259 ,
1455 192 1477 256 ,’
1518 250 1538 262 ,.
1687 251 1691 258 .
1750 195 1754 220 ⁵

191 278 304 327 Non
352 279 402 328 in
426 281 590 342 corde,
624 283 671 332 in
709 299 800 348 quo
843 283 1019 335 habent
1047 284 1173 335 unde
1203 273 1477 353 gloriantutg
1511 291 1698 358 'proprizi
1752 286 1754 331 Ῑ

121 362 246 415 enim
271 362 567 414 revincuntur
597 364 892 429 conscientia,
916 367 978 417 ob
1018 366 1192 418 occulta
1219 367 1477 434 dedecora,
1500 371 1560 423 de
1580 377 1694 441 qui-
1752 383 1754 386 ⁴

119 441 207 489 bus
232 457 330 505 cap.
371 444 424 505 4,
460 438 528 502 JV.
557 462 606 493 2.
743 505 749 513 .
1686 452 1693 456 ’

151 564 162 575 ,
184 514 276 569 Vel
301 536 396 568 non
424 522 470 570 in
499 521 649 571 cordis
677 524 868 587 puritate
895 523 1160 588 gloriamur,
1202 527 1318 576 sicut
1359 544 1445 578 nos
1481 529 1695 595 apostoli,

116 595 242 646 unde
262 614 370 646 vera
390 605 434 648 et
456 598 599 649 solida
627 617 777 650 coram
799 597 903 651 Deo
926 601 1084 667 gloria,
1111 598 1248 652 Beati
1276 606 1448 655 mundo
1472 609 1628 659 corde.
1691 638 1694 641 -

189 672 319 738 Quid
358 678 558 742 proderit
590 678 844 746 hypocrisis
888 679 1022 730 sallax
1061 689 1105 732 et
1139 685 1284 733 inanis
1314 685 1439 750 apud
1481 685 1698 739 homines

116 752 277 819 gloria,
315 755 479 819 quibus
517 757 711 818 interna,
737 773 848 805 vera
875 765 920 806 et
941 757 1084 807 solida
1107 759 1238 810 deest
1254 762 1378 826 apud
1401 761 1562 814 Deum
1585 764 1689 830 glo-

114 834 181 882 ria
200 825 227 879 't’
252 831 300 881 id
321 838 432 883 vere
453 850 582 894 sum,
612 834 736 900 quod
759 852 862 883 sum
894 836 1015 902 apud
1043 833 1215 888 Deum.
1244 835 1445 904 Caetera,
1473 843 1695 910 quidquid

112 921 358 979 appareant
382 913 665 975 hominibus,
691 931 807 963 vana
829 923 949 977 sunt,
980 923 1022 965 et
1048 916 1177 967 nihil.
1515 916 1521 918 '

186 986 255 1052 ᾖ.
286 991 364 1042 13.
386 993 486 1040 Sive
503 994 628 1041 enim
654 993 935 1062 excidimus.
951 1031 962 1043 .
981 1030 993 1042 .
1009 1032 1021 1044 .
1045 991 1142 1043 Hic
1167 994 1225 1044 ad
1248 1013 1398 1059 suam,
1422 999 1538 1047 circa
1571 1015 1696 1065 pra:-

118 1070 361 1121 cedentem
375 1070 663 1134 calumniam,
683 1071 1049 1134 justificationem
1067 1073 1306 1125 descendit
1320 1072 1588 1140 Apostolus;
1606 1096 1693 1129 ex·-

114 1153 286 1219 plicans
308 1161 387 1204 cur
413 1162 461 1205 et
485 1171 576 1222 quo
609 1157 763 1204 animo
789 1157 1087 1221 semetipsum
1126 1155 1369 1222 aliquando
1396 1158 1567 1223 laudet,
1602 1158 1696 1210 ati-

114 1235 300 1301 quando
317 1234 524 1285 humiliet
540 1254 552 1294 ;
577 1242 790 1285 neutrum
806 1236 906 1284 sine
920 1237 1210 1297 necessitate,
1225 1244 1434 1287 neutrum
1454 1237 1525 1287 sui
1543 1254 1692 1298 causa,

114 1316 198 1367 sed
224 1325 467 1386 utrumque
507 1324 694 1384 propter
717 1314 810 1366 Dei
843 1316 1049 1381 gloriam,
1079 1326 1124 1366 et
1148 1320 1465 1382 proximorum
1486 1312 1697 1371 salutem.
1739 1358 1742 1360 -

186 1389 290 1445 Siue
317 1395 441 1444 enim
472 1395 759 1444 excedimus.
778 1432 789 1443 .
814 1431 827 1444 .
849 1432 861 1444 .
891 1391 1000 1462 Syr.
1043 1411 1151 1444 nam
1187 1396 1288 1446 sive
1323 1398 1470 1446 insani
1506 1385 1695 1457 sumu'sx,

117 1465 255 1529 Deo;
288 1475 387 1524 sive
412 1479 718 1538 temperantes
735 1509 749 1530 ,
788 1472 941 1522 vobis·
1747 1462 1749 1464 ’

125 1564 144 1569 ”
187 1547 363 1602 Mentis
401 1567 643 1602 excessum
665 1548 744 1601 hic
767 1559 931 1614 vocat,
964 1551 1089 1618 quod
1125 1552 1232 1602 alibi
1273 1562 1412 1604 vocat
1440 1555 1696 1617 insaniam,

118 1631 292 1684 scilicet
317 1632 377 1683 de
396 1650 445 1683 se
475 1632 673 1698 gloriose
705 1631 845 1699 loqui.
1558 1684 1561 1685 ⁷

186 1709 348 1777 Itaque
388 1713 445 1771 si,
473 1712 603 1776 quasi
639 1711 826 1760 rationis
851 1706 1018 1758 limites
1048 1712 1238 1776 egressi,
1259 1712 1415 1775 magni
1433 1709 1602 1776 aliquid
1640 1709 1700 1760 de

119 1790 255 1840 nobis
277 1788 507 1854 loquimur
524 1825 537 1850 ,
1623 1849 1626 1852 Ι

193 1869 299 1918 Deo
323 1866 502 1934 supple,
526 1866 678 1916 insani
715 1881 902 1923 sumus;
927 1864 975 1915 id
1000 1872 1089 1927 est,
1121 1859 1216 1914 Dei
1259 1860 1393 1915 causa
1415 1864 1464 1914 id
1485 1862 1698 1928 facimus,

119 1963 182 1998 ne
214 1946 326 1995 dum
345 1944 403 1994 de
428 1946 578 2014 “nobis
619 1951 667 1994 ut
708 1941 876 1994 vilibus
901 1941 1192 1992 homunculis
1229 1943 1499 1992 existimatis
1519 1977 1535 2003 ,
1576 1951 1705 1991 con—⁴

112 2027 315 2092 -temptui
338 2041 426 2075 nos
454 2030 498 2073 et
520 2030 724 2072 nostram
747 2021 1002 2071 doctrinam
1024 2019 1250 2079 habeatis,
1275 2026 1319 2068 et
1343 2026 1583 2083 propterea
1596 2032 1699 2082 per·

114 2106 258 2165 eatis,
291 2104 351 2153 ait
382 2099 444 2152 D.
470 2097 854 2165 Chrysostomus.

142 2204 144 2207 ·
190 2182 290 2238 Hic
328 2185 452 2232 enim
482 2175 814 2246 Apostolorum
838 2183 888 2226 et
902 2175 1180 2242 evangelicae
1215 2173 1434 2224 doctrinae
1454 2173 1699 2242 conte-mp-

123 2273 195 2315 tus
214 2301 228 2326 ,
255 2265 302 2313 in
329 2260 421 2312 Dei
450 2266 792 2325 contemptum,
834 2258 961 2321 cujus
985 2265 1087 2306 sunt
1118 2251 1367 2322 Apostoli,
1402 2254 1614 2318 cederet,
1658 2263 1704 2304 et

52 2338 62 2346 “
123 2341 182 2391 ad
207 2348 413 2390 vestram
430 2337 757 2403 perditionem.
1624 2339 1626 2342 ’

194 2414 303 2466 Sive
334 2418 494 2467 sobrii.
518 2453 530 2467 .
548 2451 563 2466 .
605 2413 653 2464 id
688 2421 775 2471 est,
800 2427 925 2461 sanae
946 2412 1113 2461 mentis
1145 2408 1378 2461 humiliter
1408 2416 1456 2460 et
1491 2409 1702 2460 modeste

123 2497 186 2549 de
207 2498 346 2549 nobis
367 2499 592 2548 sentimus
617 2503 664 2545 et
698 2492 942 2560 loquimur.
1112 2503 1115 2506 ·

194 2576 506 2629 Sobrietatem
533 2593 616 2627 seu
638 2572 990 2638 temperantiam
1015 2570 1108 2621 hoe
1130 2569 1234 2621 loco
1262 2566 1710 2620 vocavit:humitita·

124 2664 222 2715 tem
243 2673 256 2713 3
282 2657 449 2705 mentis
472 2670 734 2716 excessum,
758 2651 1067 2701 narrationem
1095 2665 1379 2714 eorumquae
1397 2650 1525 2697 re'cte
1544 2633 1721 2710 geme-⁰

125 2741 211 2783 rat.
240 2729 587 2783 TheodoretuS.
636 2759 655 2764 ·>
1458 2764 1478 2772 -·
1510 2775 1514 2781 .

206 2810 384 2868 Vobis,
411 2808 598 2874 supple,
627 2807 827 2872 sapimus
844 2801 927 2866 ,id
950 2801 1091 2853 vestri
1112 2798 1254 2868 gratia
1273 2798 1488 2856 sacimuS,
1513 2804 1563 2846 ut
1587 2813 1706 2847 mo·-

128 2888 292 2940 destiae
320 2887 585 2959 exemplum
608 2886 744 2939 vobis
764 2885 1070 2950 praebeamus;
1097 2897 1196 2941 scu,
1219 2887 1266 2929 ut
1287 2880 1348 2928 ait
1371 2874 1516 2927 Divus
1538 2872 1704 2943 Chry-
