1794 3210
1732 0 1794 74 ’Ἴ

191 113 294 182 378
660 130 916 169 nprsromz
952 133 1022 171 Au
1054 131 1292 174 cannas
1355 147 1364 154 -

259 202 353 253 Dei
386 211 539 253 autem
574 206 797 270 sanguine
834 206 1131 272 redemptuS,
1158 210 1207 258 in
1237 218 1367 262 tuum
1390 207 1763 279 Redemptor-'eni

191 296 352 343 spera;
388 282 415 329 a
448 288 526 330 tuo
550 276 793 331 Salvatore
813 282 1002 333 salutem
1035 293 1267 350 exspecta,
1290 288 1340 336 in
1361 286 1437 337 illo
1458 287 1612 340 salutis
1634 289 1794 343 fonte

188 357 380 408 salutern
408 357 564 422 hauri,
592 358 715 422 fide,
742 377 850 426 spe,
881 360 1125 427 charitate,
1159 380 1242 414 seu
1270 363 1364 416 fide
1391 382 1476 432 per
1495 364 1794 420 charitatem

186 446 426 509 operante.

261 518 443 570 Harum
476 519 696 566 virtutum
723 524 848 566 actus
868 519 959 566 sint
981 520 1029 567 in
1052 520 1186 570 nobis
1218 520 1277 572 ad
1299 523 1440 572 vitam
1460 525 1614 590 gratiae
1634 524 1794 589 quast·

189 601 414 656 continui,
439 599 554 645 sicut
579 594 636 643 ad
669 597 810 644 vitam
839 603 1009 646 naturae
1031 605 1184 648 motus
1208 601 1359 652 cordis
1390 610 1459 653 est
1483 605 1761 656 continuusz
1787 604 1794 626 ’·

186 676 337 740 Inte,
370 673 592 736 Domine,
618 677 817 738 speravi,
848 681 936 724 etc.

212 808 215 810 ,
257 746 317 806 Ῠ.
351 773 399 803 2.
431 754 542 802 Hoc
568 752 717 801 solum
757 753 788 799 ὰ
811 753 943 802 vobis
970 753 1077 803 volo
1101 753 1340 806 (limera...

256 824 437 884 Ga'atae
461 829 679 897 Spiritum
716 839 926 881 sanctum
947 831 1189 883 visibiliter
1217 841 1484 899 receperant
1508 852 1612 887 cum
1637 835 1759 887 cha-

179 914 442 964 rismatibus
473 914 586 976 ejus,
612 910 787 961 scilicet
810 910 934 960 dono
955 911 1229 977 linguarum,
1255 913 1528 980 prophetiae,
1556 918 1758 966 curatio·-
1778 919 1794 956 ²-

121 997 125 999 “
178 998 322 1050 num,
349 997 468 1040 etc.:
501 988 548 1037 id
573 990 697 1038 enim
729 1004 787 1037 eo
816 996 1026 1055 tempore
1063 997 1163 1038 erat
1191 990 1486 1045 ordinarium.

255 1064 368 1116 Hoc
391 1065 510 1116 sacto
529 1101 544 1127 ,
574 1061 745 1114 Galatis
771 1065 985 1115 omnibus
1014 1075 1159 1131 noto,
1199 1065 1277 1118 hic
1300 1070 1566 1135 supposito,
1595 1069 1760 1135 quaerit
1786 1067 1794 1110 ῗ

180 1146 242 1196 ab
261 1148 326 1197 eis
359 1153 409 1195 ut
427 1145 525 1194 illos
545 1152 699 1209 urgeat
720 1163 731 1192 ε
758 1146 834 1193 An
857 1160 918 1193 ex
940 1147 1152 1210 operibus
1171 1147 1351 1209 Iegis....
1768 1169 1770 1171 ·

251 1222 379 1276 Nota
399 1217 509 1291 'post
534 1220 595 1272 D.
622 1220 966 1289 Hieronymum
994 1227 1020 1273 a
1045 1220 1255 1288 Gagnaeo
1282 1223 1605 1286 observatum,
1631 1223 1757 1290 quod

183 1321 279 1355 non
315 1302 423 1351 dicit
462 1298 649 1363 Paulus,
675 1319 741 1348 on
764 1319 824 1349 ex
848 1299 1098 1363 operibus?
1124 1302 1296 1350 sciebat
1333 1303 1458 1351 enim
1489 1298 1757 1351 Cornelium
1779 1299 1789 1305 ”

180 1382 500 1432 centurionem
528 1395 588 1427 ex
611 1377 826 1442 operibus
859 1374 1077 1442 Spiritum
1113 1379 1374 1444 accepisse;
1400 1376 1484 1428 sed
1508 1377 1653 1440 addit,
1689 1396 1757 1428 an

181 1478 243 1508 cx
263 1459 474 1524 operibus
495 1458 633 1519 legis.
628 1455 652 1490 Ρ
1791 1447 1794 1458 ³

254 1540 334 1589 An
370 1556 431 1585 ex
458 1537 621 1584 αιιιΙιιιι
635 1532 800 1599 fidet?
825 1533 872 1582 id
902 1541 996 1596 est,
1022 1550 1078 1582 an
1099 1550 1160 1583 ex
1199 1532 1317 1594 fide,
1350 1548 1486 1600 quam
1514 1547 1597 1599 per
1619 1546 1770 1597 prae-
1760 1460 1794 1597 l

179 1617 416 1667 dicationis
441 1614 644 1665 auditum
667 1607 929 1677 recepistis?
1783 1600 1794 1668 2]

248 1699 545 1751 Manifestum
563 1705 658 1747 erat
679 1696 804 1762 quod
825 1713 921 1746 non
942 1714 1002 1747 ex
1038 1697 1253 1761 operibus
1274 1695 1407 1761 legis,
1430 1694 1492 1746 de
1512 1691 1602 1761 qua
1621 1683 1794 1779 non-⁴

164 1783 288 1833 ’dum
308 1781 570 1831 audierant·
593 1795 701 1844 ergo
730 1795 810 1843 per
831 1777 988 1827 fidem.
1012 1775 1153 1828 Unde
1175 1777 1404 1829 concludit
1423 1776 1548 1844 quod
1577 1777 1672 1827 ab'
1658 1777 1794 1830 uti-¹

176 1868 241 1914 tio
267 1864 403 1924 dixit,
434 1863 533 1912 illos
556 1861 726 1912 scilicet
750 1857 1764 1911 insensatos.

176 1941 317 2007 Ῡ
359 1940 407 1992 3.
451 1943 530 1990 Sec
566 1941 700 1989 stulti
723 1940 883 1988 estims
889 1946 1040 2004 .post
1080 1940 1234 2003 signa,
1263 1935 1321 1986 ad
1356 1937 1775 1990 circumcisionem·

176 2020 426 2071 devenistis
447 2039 457 2078 ;
481 2027 592 2085 post
614 2017 948 2084 apprehensam
970 2020 1230 2079 veritatem,
1255 2015 1314 2066 ad
1336 2023 1471 2082 typos
1491 2015 1746 2074 recidistis;
1789 2023 1794 2057 ’ῖ

173 2107 279 2163 post
322 2106 619 2164 conspectum
657 2097 832 2155 solem,
879 2095 1110 2145 lucernam
1150 2095 1378 2162 quaeritis;
1408 2100 1513 2157 post
1547 2091 1747 2142 solidum
1789 2150 1794 2159 f

173 2168 347 2238 cibum,
372 2175 430 2224 ad
451 2175 519 2224 lac
537 2176 780 2224 recurritis.
803 2171 865 2223 D.
889 2170 1264 2239 ChrysostomuS.
1787 2213 1794 2231 s

244 2251 374 2316 Quot
399 2252 649 2314 christiani,
674 2259 784 2317 quot
802 2247 1015 2314 religi'osi',
1036 2248 1155 2298 hanc
1180 2245 1440 2297 Galatarum
1463 2234 1794 2360 dementiam}

170 2335 402 2383 imitantur
426 2334 434 2381 l
463 2336 486 2381 a
516 2333 672 2395 spiritu
714 2331 960 2394 incipiunt,
995 2344 1129 2377 carne
1161 2326 1350 2376 finiunt:
1378 2330 1405 2375 a
1431 2323 1736 2389 spiritualibus

172 2414 349 2469 exorsi,
391 2410 449 2459 ad
472 2408 660 2458 carnalia
683 2406 994 2457 retrocedunt.
1761 2419 1768 2422 ·

237 2486 295 2549 fi.
317 2491 367 2552 4.
405 2491 560 2539 Tanta
576 2489 713 2553 possi
728 2489 907 2538 estis....

138 2626 139 2631 ,
237 2569 554 2622 Praecedentis
575 2569 884 2633 expressionis
908 2566 1118 2616 duritiem
1143 2560 1329 2621 emollit,
1356 2559 1533 2610 illorum
1557 2562 1743 2624 jacturae

168 2658 215 2703 et
251 2649 420 2699 damno
458 2647 756 2711 compatiens,
797 2643 1065 2692 Tantane...
1099 2638 1271 2690 deinde
1302 2636 1475 2688 bonam
1508 2638 1576 2687 eis
1602 2650 1736 2703 spem
1776 2653 1780 2655 “

166 2732 416 2795 ingerens:
446 2719 505 2776 Si
536 2737 760 2775 tamen.,..
794 2740 931 2789 spero
957 2720 1106 2789 quod,
1139 2727 1228 2769 etc.
1254 2715 1378 2771 Vide
1409 2713 1759 2784 paraphrasim!
