1794 3210
382 138 603 176 TRlPLEX
643 135 910 172 [xposrrro
952 118 1072 186 Cap.
1111 116 1191 170 ΙΙ.
1490 117 1589 170 35ι

88 205 254 275 Itaque
278 208 561 275 probabilius
583 215 651 258 est
678 207 800 272 quod
829 204 890 257 D.
910 203 1039 256 Petri
1063 203 1285 257 correctio
1307 204 1594 257 finierit-cum

26 283 97 344 '57-
134 286 222 348 14;

94 359 153 418 Ῠ.
180 372 331 415 autem
356 363 432 415 15.
456 360 706 429 Apostolus
730 380 808 412 sua
837 362 980 411 verba
1002 362 1166 426 dirigat
1189 362 1246 410 ad
1270 359 1484 428 Galatas,
1515 367 1593 415 in·-

24 441 238 492 choatum
263 443 322 492 ad
343 443 441 492 illos
463 457 724 491 sermonem
753 456 1058 504 prosequens.

95 518 331 584 Nosipsi,
358 520 434 585 qui
460 514 610 566 Judaei
636 518 732 566 nati
765 533 921 565 sumus
958 533 1018 565 ex
1043 519 1210 566 sanctis
1232 524 1342 581 patr·
1333 518 1463 581 ‘bus,
1505 520 1592 568 sub

24 602 179 644 sancta
200 594 323 659 lege,
345 592 548 651 nutura,
574 593 621 642 id
644 603 742 655 est,
772 595 1008 642 nativitate
1038 594 1213 642 Judoef.

93 672 158 720 Et
172 691 265 721 non
282 692 344 721 ex
360 673 571 736 gentibus
589 680 879 737 peccatores,
903 672 948 720 id
975 681 1070 730 est,
1098 690 1190 720 non
1210 671 1459 738 proselyti,
1480 674 1596 722 sicut

22 751 166 800 vestri
203 749 416 800 doctores
451 769 464 797 ε
515 767 666 814 neque
712 749 903 814 gentiles
945 749 1219 809 idololatrae,
1269 749 1379 814 legis
1422 750 1594 801 divinae

11 831 196 895 ignari,
242 849 301 881 ex
342 833 493 895 impiis
535 838 580 880 et
624 830 823 896 profanis
867 830 1128 895 parentibus
1168 833 1285 891 nati,
1334 830 1494 898 quales
1533 832 1594 884 illi

22 906 223 959 fuerunt.

92 984 159 1048 fi.
188 986 263 1037 16.
285 980 493 1037 Scientes
513 996 719 1034 autem...
758 987 962 1050 persuasi
989 995 1138 1036 tamen
1163 989 1286 1052 quod
1301 1006 1363 1035 ex
1383 991 1594 1051 operibus

23 1063 137 1127 Iegis
176 1062 428 1127 Mosaicae,
475 1059 627 1113 n‘zaellus
656 1064 793 1112 homo
807 1061 1108 1128 juslisicalm·
1129 1061 1263 1125 vera,
1292 1065 1505 1128 spirituali
1547 1075 1594 1118 et

24 1137 202 1188 interna
247 1140 436 1201 justitia,
480 1155 583 1204 quae
631 1136 738 1188 Deo
794 1134 969 1204 gratum
1019 1139 1149 1189 faciat
1196 1141 1238 1188 ei
1286 1139 1455 1189 aeternzi
1497 1139 1594 1194 vita

24 1211 227 1278 dignuin.

94 1292 211 1341 Νἰει·
235 1291 483 1356 perfidem
501 1330 517 1353 ‚
561 1292 609 1342 id
651 1302 751 1353 est,
783 1291 866 1341 sed
890 1295 1065 1341 tantum
1090 1309 1170 1357 per
1191 1292 1330 1342 tidem
1356 1295 1401 1342 in
1424 1288 1591 1345 Jesum

25 1364 283 1431 Christum,
308 1372 356 1419 in
398 1370 498 1433 lege
523 1370 792 1435 figuratum,
825 1378 871 1418 et
911 1371 1185 1434 promissum
1215 1379 1262 1420 ut
1303 1375 1442 1437 ipsius
1479 1373 1591 1439 legis

24 1445 186 1498 finem.

96 1526 159 1574 Et
180 1544 264 1573 nos
280 1527 328 1572 in
355 1524 538 1574 Christo
552 1524 927 1575 Jesufcredt'mzes.
946 1522 1028 1575 Gr.
1051 1526 1349 1587 credidimus,
1376 1529 1591 1594 utjnsli-

19 1605 240 1671 ficemur.
263 1599 346 1652 Gr.
373 1609 421 1651 ut
455 1604 819 1665 justificaremur,
854 1611 965 1659 etc.;
997 1603 1042 1651 id
1068 1612 1162 1665 est,
1189 1608 1326 1654 etiam
1361 1623 1476 1669 ῃοε,
1513 1608 1591 1669 ju—

28 1683 204 1738 daismo
228 1680 409 1741 relicto,
437 1683 481 1729 in
506 1698 594 1745 quo
612 1682 702 1729 nati
728 1688 771 1729 et
790 1679 964 1730 educati
987 1679 1151 1729 suimus
1169 1719 1182 1743 ‚
1209 1682 1591 1735 christianismum

27 1759 229 1825 amplexi
252 1776 435 1819 sumus,
461 1760 508 1806 in
536 1755 699 1807 Jesum
729 1754 960 1806 Christum
983 1758 1221 1808 credentes
1241 1795 1254 1822 ,
1278 1768 1325 1809 ut
1349 1778 1430 1825 per
1447 1760 1591 1812 fidem

27 1839 78 1889 in
101 1855 239 1899 eum,
261 1853 425 1887 veram
450 1853 833 1901 consequeremur
855 1839 1085 1898 justitiam.

99 1914 297 1978 Propter
329 1914 455 1978 'quod
476 1932 535 1961 ex
561 1915 798 1978 opmbus,
841 1913 887 1961 id
911 1922 1006 1974 est,
1035 1922 1276 1981 propterea
1306 1916 1466 1983 quod·
1496 1935 1591 1968 non

31 2004 100 2047 est
121 1995 373 2055 conclusio,
402 1995 483 2045 sed
511 1997 752 2067 repetitio.
774 1995 850 2044 vel
882 1995 1106 2061 intellige,
1133 2006 1181 2047 ut
1206 2001 1355 2048 versio
1375 1986 1589 2070 Syriaca.

31 2075 246 2139 quoniam
282 2090 343 2120 ex
368 2074 578 2135 operibus
616 2074 762 2134 legts;
787 2073 988 2133 scilicet,
1027 2080 1075 2121 ut
1116 2072 1225 2137 legis
1252 2083 1382 2138 sunt,
1414 2084 1459 2125 et
1491 2078 1594 2127 sine

32 2153 170 2218 gratia
190 2148 358 2201 Christi
377 2149 531 2210 sactis,
560 2169 650 2199 non
667 2150 1019 2215 justz'scabtlur
1038 2154 1188 2200 omnis
1211 2172 1352 2203 caro:
1373 2173 1452 2204 seu
1475 2156 1593 2207 nulla

33 2248 138 2282 caro
154 2267 167 2289 ,
197 2230 245 2279 id
271 2238 339 2279 est
355 2266 369 2291 .,
391 2229 534 2280 nullus
555 2229 722 2291 hom0,
746 2233 845 2280 sive
867 2231 1061 2294 judaeus,
1085 2234 1185 2281 sive
1207 2234 1401 2297 gentilis.

103 2305 393 2372 Quicumque
413 2311 536 2375 enim
559 2312 662 2372 justi
688 2318 820 2371 sunt,
858 2327 917 2360 ex
945 2311 1037 2360 fide
1073 2312 1302 2373 justificati
1325 2323 1451 2376 sunt,
1477 2318 1593 2367 sicut

34 2381 298 2446 Abraham,
322 2380 448 2433 Isaac
466 2421 480 2444 .,
504 2383 649 2435 Jacob
674 2396 719 2436 et
746 2390 897 2437 caeteri
920 2389 1078 2450 sancti,
1113 2391 1174 2437 ait
1198 2386 1491 2443 Ambrosius.

106 2458 165 2517 fi.
207 2482 285 2528 17.
327 2462 467 2528 Quod
499 2465 543 2510 si
562 2475 811 2528 quoerentes
837 2466 1100 2531 justificari
1130 2470 1179 2515 itz
1220 2468 1452 2519 Christo...
1484 2468 1595 2536 Syr.

38 2539 166 2607 quod
186 2543 224 2590 si
246 2541 355 2590 dum
376 2538 609 2590 studemus
624 2543 848 2604 justificari
880 2561 960 2608 per
982 2540 1241 2605 Christum,
1271 2547 1522 2610 reperimur
1547 2554 1594 2595 et

38 2619 125 2684 ipsi
147 2624 434 2681 peccatores,
460 2632 569 2680 crgo
591 2615 622 2665 J
627 2636 728 2667 esus
748 2616 953 2681 Christus
977 2622 1183 2669 minister
1208 2628 1276 2669 est
1301 2622 1492 2683 peccati.

106 2690 315 2759 Allegatzi
344 2694 390 2742 in
413 2696 629 2758 superiori
658 2686 715 2746 Ῠ.
739 2698 880 2746 semel
911 2706 955 2747 et
978 2701 1138 2747 iterum
1158 2697 1267 2762 legis
1290 2696 1582 2747 insufficien-

38 2765 170 2821 tiaad
186 2770 398 2820 homines
426 2771 752 2831 iustitie-ando&
786 2782 830 2823 et
857 2777 917 2824 ob
943 2774 1063 2824 hanc
1094 2774 1202 2840 legis
1225 2773 1592 2826 insufficientiam

39 2845 305 2899 Judaeorum
326 2848 383 2897 ad
408 2843 639 2898 Christum
665 2853 969 2901 conversione
1003 2850 1258 2917 supposita,
1299 2852 1389 2913 jam
1425 2866 1485 2901 ex
1511 2854 1592 2917 ju-

45 2928 318 2980 daizantium
343 2946 494 2980 errore
515 2929 712 2981 ostendit
733 2930 1011 2983 horrendum
1032 2935 1159 2999 sequi
1181 2932 1440 2983 absurdum.
