1794 3210
364 69 597 105 ‘rnirncx
635 69 918 106 Exposrrto.
957 55 1078 118 Cap.
1113 52 1255 106 XII:
1491 55 1592 107 283

97 139 339 208 Quidquid
362 144 420 192 sit
446 143 508 193 de
530 144 694 206 vobis,
717 160 855 228 spero
882 143 1005 212 quod
1034 145 1170 194 nobis
1197 161 1292 195 non
1320 144 1467 195 deerit
1500 144 1599 194 talis

0 221 186 287 Jgratia.

97 313 209 366 Hoc
231 325 382 367 tamen
405 334 499 367 non
524 325 634 381 opto
652 355 667 377 ,
694 318 899 379 quinimo
921 332 1002 364 oro
1031 313 1185 365 Deum
1219 322 1266 366 ut
1294 316 1463 366 nullum
1486 335 1597 368 ma·-

10 392 122 465 *tum
157 393 326 445 faciatis
352 394 505 444 nostra
529 397 814 457 correptione
842 392 1061 456 dignum;

99 469 210 523 Non
231 482 341 538 opto
362 481 410 522 ut
428 481 579 522 vestra
596 470 762 535 flagitia
780 473 1006 535 puniens,
1030 471 1188 522 videar
1207 471 1382 522 illustris
1405 481 1449 522 et
1471 473 1595 522 divi-

30 567 138 602 nam
163 549 334 600 habere
354 557 669 615 potestatem:

98 621 200 675 Sed
227 627 377 690 potius
405 623 619 673 desidero
644 633 690 673 ut
716 642 802 672 vos
834 623 955 689 quod
980 625 1156 673 bonum
1181 631 1248 671 est
1277 622 1596 690 adimpleatis:

94 696 199 751 Nos
221 709 374 751 autem
399 717 662 749 maneamus
688 700 893 764 inglorii,
923 701 1022 748 sine
1049 698 1138 747 ullo
1164 702 1397 763 potestatis
1423 716 1522 749 usu.

16 770 21 772 ’
94 776 144 829 Si
166 797 252 829 vos
270 781 381 830 tales
403 782 624 829 invenero
641 815 652 836 ,
675 779 787 827 nihil
806 782 852 827 in
874 795 956 827 vos
981 785 1138 844 potero
1162 798 1173 828 :
1195 781 1433 846 non-enim
1457 779 1598 844 quid-

31 871 209 921 quamp
223 852 432 906 ossumus
455 865 614 906 contra
643 857 944 905 sanctitatem.

97 929 191 982 Sed
215 949 297 997 pro
318 935 555 983 sanctitate
583 931 842 987 inducenda
871 940 915 980 et
938 929 1104 980 tuenda
1127 931 1227 980 data
1248 940 1316 981 est
1340 934 1474 982 nobis
1499 950 1592 997 po-

26 1017 182 1061 testas.

95 1080 311 1134 Tantum
333 1085 464 1134 abest
485 1091 533 1133 ut
553 1086 727 1148 cupiam
759 1086 803 1131 in
824 1102 910 1133 vos
945 1088 1094 1133 meam
1123 1091 1397 1149 potestatem
1427 1093 1594 1134 osten-

25 1165 164 1220 dere;
193 1165 396 1228 quinimo
427 1162 631 1227 gaudeo,
669 1156 769 1210 cum
798 1163 964 1211 nullam
1002 1164 1118 1212 illius
1147 1162 1420 1212 ex'ercendae
1454 1180 1597 1212 occa-

22 1246 203 1294 sionem
223 1242 400 1291 habens
417 1278 432 1302 ‚
458 1241 620 1290 videor
641 1242 873 1300 infirmus3
1408 1258 1410 1260 ’

91 1315 189 1368 Vos
211 1322 324 1368 vero
345 1319 511 1366 virtute
535 1318 693 1377 validi,
723 1326 766 1366 et
793 1319 1023 1381 conspicui
1050 1315 1218 1366 fueritis
1249 1335 1260 1363 :

87 1396 171 1449 Ob
189 1398 283 1448 hoc
300 1415 393 1447 non
411 1398 556 1447 solum
569 1399 743 1462 gaudeo
758 1436 770 1460 ‚
792 1400 873 1447 sed
891 1407 935 1447 et
956 1399 1016 1446 ob
1038 1397 1126 1446 hoc
1143 1396 1357 1446 ardenter
1373 1414 1455 1445 oro
1473 1414 1582 1446 ves-

19 1483 136 1528 tram
161 1474 408 1540 perfectam
422 1475 478 1524 in
498 1479 733 1524 sanctitate
756 1478 1148 1524 restaurationem.
1559 1488 1563 1490 ·

94 1549 200 1601 Hac
230 1550 290 1600 de
323 1566 453 1600 causa
485 1552 650 1600 absens
687 1553 837 1600 scribo
876 1550 1011 1599 vobis
1049 1552 1283 1609 severius,
1318 1557 1366 1597 ut
1394 1566 1593 1613 praesens

19 1625 120 1677 non
148 1642 280 1691 cogar
311 1643 415 1675 esse
441 1643 628 1676 severus
659 1629 705 1675 in
726 1644 811 1675 vos
837 1625 1097 1675 exercendo
1128 1624 1347 1690 puniendi
1381 1633 1590 1689 potesta-

21 1709 118 1755 tem
137 1741 150 1765 ‚
181 1721 318 1769 quam
344 1701 572 1755 Dominus
599 1705 711 1754 mihi
747 1706 942 1755 dedit‘in
966 1707 1138 1766 bonum
1163 1714 1394 1765 vestrum,
1421 1721 1518 1752 non
1542 1707 1589 1753 in

21 1785 235 1832 exitium.

31 1911 34 1914 Α
90 1858 168 1911 De
194 1869 357 1910 caetero
375 1897 388 1922 ‚
414 1858 568 1910 fratres
586 1897 598 1919 ‚
623 1860 816 1925 gaudete
839 1864 884 1910 in
911 1860 1140 1916 Domin03
1178 1860 1360 1909 studete
1381 1852 1588 1923 quotidie

20 1936 235 1987 meliores
255 1935 384 1995 fieri;
408 1953 494 1985 vos
516 1939 715 1986 invicem
737 1937 794 1985 ad
813 1937 1081 2002 perfectiora
1103 1937 1437 1992 exhortamini3
1467 1951 1589 1984 con-

23 2014 188 2084 cordes
213 2023 361 2065 estote
379 2051 394 2075 ‚
431 2015 615 2078 pacifice
649 2018 788 2077 agatis
819 2016 877 2064 ad
904 2018 1120 2065 invicem.
1147 2013 1263 2064 Haec
1286 2018 1322 2063 si
1355 2014 1554 2063 feceritis
1573 2049 1588 2070 ,

21 2090 152 2147 Deus
188 2097 311 2160 pacis
349 2101 394 2143 et
426 2093 682 2142 dilectionis
717 2103 871 2143 auctor
913 2097 1151 2143 vobiscum
1187 2095 1270 2143 erit
1299 2111 1378 2159 per
1402 2094 1594 2156 gratiam

20 2185 167 2220 suam.

90 2244 290 2298 Salutate
323 2262 408 2296 vos
431 2249 632 2298 invicem
662 2266 744 2313 per
772 2248 979 2297 osculum
1007 2255 1213 2297 sanctum
1232 2285 1244 2309 ‚
1272 2265 1350 2297 seu
1377 2247 1498 2311 quod
1533 2248 1592 2296 sit

21 2328 191 2378 sanctae
218 2324 472 2375 dilectionis
493 2329 688 2391 signum.
713 2325 918 2376 Satutant
951 2343 1036 2375 vos
1066 2329 1141 2391 qui
1171 2326 1252 2376 hic
1282 2343 1465 2374 mecum
1486 2332 1596 2374 sunt

0 2445 1 2448 ,
0 2400 256 2493 christiani
282 2417 462 2448 omnes.

93 2474 249 2527 Gratia
284 2472 479 2524 Domini
511 2479 676 2525 nostri
691 2475 803 2526 Jesu
836 2474 1038 2535 Christi,
1071 2477 1147 2540 qui
1178 2492 1264 2524 nos
1298 2475 1521 2533 redemit,
1548 2482 1597 2523 et

18 2551 215 2603 charitas
244 2548 336 2600 Dei
358 2547 509 2599 Patris
526 2587 540 2613 ‚
564 2553 651 2616 qui
665 2555 731 2601 sic
755 2554 979 2602 mundum
1002 2553 1185 2611 ditexit,
1211 2560 1259 2600 ut
1283 2548 1452 2599 Filium
1481 2548 1594 2599 Re·—

0 2628 314 2700 demptorem
359 2625 568 2682 dederit3
609 2635 657 2675 et
694 2630 1045 2678 communicatio
1076 2625 1270 2691 Spiritus
1306 2629 1477 2685 sancti,
1510 2627 1600 2690 qua

0 2707 388 2769 immitia-amur,
433 2713 478 2756 et
519 2705 863 2760 charismatibus
901 2709 1078 2776 largiter
1113 2707 1369 2787 replemur
1401 2709 1457 2757 sit
1492 2722 1602 2757 cum

17 2772 241 2837 omnibus
265 2783 417 2835 vobis,
440 2781 613 2834 Amen.
