1794 3210
69 38 72 40 ’
142 41 260 95 ’322
578 30 584 41 ’
626 57 884 96 Ems'roLAE
920 60 988 96 Au
1023 44 1309 110 GALATA‘S

228 125 389 191 Pergit
421 128 469 176 in
497 128 736 193 probanda
764 134 900 196 supra
933 131 1082 198 posita
1120 133 1312 182 veritate
1342 149 1426 198 per
1459 136 1568 188 vitae
1605 155 1730 204 snae,

159 212 265 272 post
302 208 686 268 conversionem,
723 209 984 276 sequelam:
1009 218 1196 260 vocatus
1216 211 1388 260 enima
1413 208 1549 276 Deo,
1573 219 1727 270 statim

157 281 388 346 obedivit,
415 281 586 343 docuit,
623 284 885 349 praedicavit
918 284 1081 338 Jesum
1116 282 1370 348 Christum,
1406 283 1574 339 Fitium
1611 286 1731 356 Dei,

158 361 285 413 nullo
311 358 572 429 Apost010‚
601 371 675 413 aut
697 363 784 413 alio
814 364 1005 417 doctore
1036 365 1282 416 christiano
1314 365 1521 417 consulto
1545 378 1619 420 aut
1640 387 1730 420 au·-

160 441 275 492 dito.

232 516 354 567 Cz'tm
375 526 531 566 autem
551 517 734 583 placuit
756 518 867 568 Deo,
890 517 1033 569 illud'
1021 539 1068 570 ln
1087 538 1161 571 me
1183 524 1374 589 exsequi
1392 522 1448 572 ad
1468 525 1597 589 quod
1617 525 1733 577 des-¹·

159 594 320 645 tinfirat
343 613 404 643 ea„
427 604 556 644 utero
578 599 745 644 matris
770 611 936 647 meoe...
957 597 1112 648 alludit
1145 599 1202 648 ad
1221 599 1269 648 id
1295 600 1419 666 quod
1441 601 1500 652 de
1525 601 1731 655 jeremia

79 686 82 688 ·
165 673 344 724 dicitur.
371 672 547 725 Jerem.
575 693 674 742 cap.
706 693 751 726 1.

226 755 291 803 Et
316 759 502 805 vocavit
523 775 597 804 me
615 773 702 820 per
721 751 946 818 graiium.

224 828 440 899 Explicat
463 833 510 883 id
536 833 593 883 ad
617 833 740 898 quod
765 842 859 882 erat
887 832 1165 892 destinatus,
1195 835 1321 899 quasi
1345 832 1548 884 diceret:
1579 831 1698 884 Cum
1714 872 1731 897 ‚

119 952 123 955 .
159 911 367 974 inquam,
405 908 555 971 Deus,
596 909 804 974 singulari
837 907 916 958 sua
945 913 992 959 in
1015 925 1091 957 me
1121 908 1462 970 benevolentia,
1503 927 1599 971 me,
1626 919 1734 963 tunc

159 984 345 1037 hostem
368 1005 526 1050 suum,
550 988 903 1037 misericorditer
924 989 1126 1038 vocavit.
1147 984 1269 1037 Vide
1308 983 1416 1036 Act.
1442 1005 1491 1056 9.
1514 986 1564 1037 5.

239 1062 303 1111 Ut
325 1065 588 1114 revelaret...
613 1059 874 1129 Filiumque
895 1079 1046 1124 suum,
1083 1080 1219 1127 quem
1242 1065 1453 1126 ignorans
1474 1081 1734 1130 perseque-ae·

159 1142 263 1204 bar,
297 1145 532 1206 cognitum
561 1140 674 1192 mihi
700 1140 834 1198 secit;
873 1139 1155 1191 revelatione
1178 1139 1334 1189 divina
1358 1142 1556 1189 animam
1581 1157 1734 1190 meam

159 1216 435 1282 illustrante,
461 1227 508 1268 et
531 1218 642 1268 fidei
663 1219 879 1283 mysteria
899 1217 1120 1277 docente,
1147 1225 1195 1266 ut
1228 1215 1347 1265 illum
1369 1218 1582 1282 gentibus
1605 1232 1735 1283 prae-

163 1293 381 1344 ffioeoem.

230 1373 373 1440 Apud
396 1392 547 1425 sacros
576 1365 782 1426 auctores
805 1393 904 1425 non
928 1375 1053 1425 bene
1084 1382 1262 1423 constat
1285 1373 1467 1441 quando
1504 1373 1620 1424 facta
1651 1374 1736 1426 fuit

161 1451 263 1502 haec
298 1449 543 1516 Evangelii
577 1453 830 1503 revelatio:
867 1451 933 1502 D.
965 1449 1285 1518 Hieronymus
1319 1459 1448 1518 putat
1488 1455 1537 1502 in
1574 1455 1735 1504 itinere

161 1528 412 1589 Damasci3
438 1527 502 1580 D.
528 1527 738 1580 Thomas
759 1533 806 1580 in
827 1529 975 1580 triduo
995 1518 1232 1594 sequenffi
1257 1527 1347 1590 alii,
1367 1536 1410 1579 et
1434 1527 1550 1586 sorte
1573 1531 1736 1596 proba·
1759 1529 1763 1531 “

163 1610 318 1674 bilius,
343 1616 588 1678 postquam
610 1606 778 1660 Paulus
798 1609 881 1659 suit
900 1610 958 1658 ab
977 1605 1162 1658 Anania
1177 1606 1482 1656 catechizatus
1505 1614 1550 1656 et
1575 1608 1736 1674 bapti-

167 1697 310 1742 zatus.

236 1766 467 1815 continue,
490 1784 583 1814 non
605 1765 814 1832 acquievi
831 1765 966 1814 carni
985 1772 1031 1812 et
1055 1763 1290 1826 sanguini.
1327 1758 1434 1828 Syr.
1460 1764 1611 1811 statim
1640 1775 1740 1809 non

167 1844 362 1914 patefeci
377 1847 500 1895 carni
525 1841 588 1910 et}
608 1846 833 1910 sanguini.
854 1841 999 1895 Arab.
1019 1860 1115 1892 non
1136 1841 1388 1907 significavi
1408 1840 1530 1907 apud
1555 1837 1739 1890 carnem
1790 1899 1794 1904 Ἰ

169 1934 218 1976 et
236 1928 524 1991 sanguinem.
1792 1905 1794 1909 ¹

239 2005 354 2056 Non
380 2004 612 2070 acquievi,
641 2003 689 2053 id
711 2011 807 2064 est,
829 2019 925 2052 non
945 2000 1143 2064 contuli,
1168 2017 1265 2049 non
1287 1997 1620 2048 communicavi
1633 2010 1739 2044 cum

170 2101 308 2135 carne
331 2091 376 2132 et
407 2084 654 2149 sanguine·
683 2099 764 2132 seu
792 2080 964 2130 nullum
991 2079 1111 2140 adii,
1135 2077 1310 2127 consilii
1339 2075 1546 2141 capiendi
1569 2071 1740 2138 gratia.

170 2159 263 2211 hoc
279 2158 501 2223 significat
519 2158 712 2207 verbum
733 2173 962 2221 graeeum:
985 2155 1093 2204 hinc
1117 2152 1256 2203 illud'
1246 2167 1393 2226 ipsum
1412 2158 1569 2200 noster
1588 2152 1742 2199 inter-
1774 2167 1794 2215 ,ᾗ

169 2254 309 2306 pres,
342 2251 442 2300 cap.
472 2254 520 2295 2,
548 2230 605 2288 3⁵
633 2232 681 2296 6,
708 2236 878 2284 vertit:
903 2233 1044 2282 Nihil
1064 2231 1370 2279 contulerunt.
1424 2227 1429 2231 ’

238 2312 411 2365 Sensus
441 2315 593 2377 itaque
628 2321 733 2362 est·
758 2314 909 2361 statim
939 2317 983 2360 et
1006 2311 1105 2358 sine
1128 2324 1284 2369 mora,
1293 2306 1435 2355 illum
1456 2306 1627 2370 ubique
1651 2321 1742 2353 an·-
1791 2330 1794 2347 e

172 2394 376 2443 nuntiavi
402 2390 543 2452 (vide
564 2386 673 2441 Act.
697 2409 749 2457 9,
776 2387 840 2450 V.
865 2387 982 2449 20),
1006 2386 1261 2436 inconsulto
1291 2383 1494 2449 quolibet
1525 2381 1740 2444 mortali,

173 2471 428 2536 nulliusque
452 2468 654 2518 hominis
677 2475 809 2534 capto
832 2466 1024 2517 consitio
1039 2502 1054 2527 ‚
1075 2473 1149 2514 aut
1174 2462 1323 2512 audita
1345 2461 1568 2511 doctrina.

243 2548 358 2601 Non
384 2551 572 2616 quaesivi
591 2549 648 2597 ab
673 2547 938 2597 hominibus
966 2563 1025 2594 an
1064 2542 1172 2594 Deo
1209 2541 1633 2609 parendumesset3
1660 2537 1749 2590 sed
1790 2577 1794 2593 .

174 2628 400 2679 obediens
420 2625 529 2677 Deo
543 2667 554 2686 ,
584 2621 754 2678 Jesum
779 2629 931 2675 statim
953 2627 1123 2690 ubique
1143 2622 1421 2690 praedicavi„

239 2708 355 2757 Non
377 2707 584 2773 ocqtu'euae'
605 2708 742 2755 carni
758 2712 802 2754 et
820 2703 1058 2766 sanguini.

243 2783 365 2836 Caro
401 2795 446 2836 et
478 2788 659 2850 sanguis
703 2784 780 2835 hic
810 2787 940 2834 recte
976 2779 1200 2846 significat
1244 2774 1527 2843 Apostolos,
1574 2781 1751 2824 naturae

174 2876 483 2935 cognomento
505 2864 588 2918 'eos
613 2866 857 2932 designans
895 2854 914 2917 :¹
951 2862 1073 2929 qnod
1112 2864 1151 2911 si
1189 2859 1281 2910 hoc
1304 2862 1442 2909 sentit
1481 2857 1540 2908 de
1577 2857 1754 2907 eunctis
1785 2859 1794 2918 i
