1794 3210
0 133 2 168 ἱ
383 89 596 134 'rmPLex
633 85 1072 147 mmmmm-Cap.
1121 82 1219 131 1V.
1500 82 1599 144 '421

0 177 1 180 ’
44 223 46 226 ,
78 166 162 225 ‘ln
182 168 406 222 'versiculo
428 171 700 235 praecedenti
725 172 815 222 duo
833 173 947 223 dixit
974 170 1244 236 Apostolus,
1271 178 1316 220 et
1346 170 1470 236 quod
1497 169 1603 222 Ga-

15 252 129 307 ¹latae
148 261 253 301 sunt
273 250 352 300 filii
383 248 506 312 Dei,
551 260 597 301 et
626 252 749 317 quod
768 289 781 312 ,
811 254 914 318 quia
954 251 1063 312 filii,
1107 247 1326 313 Spiritum
1359 259 1596 314 sanctum,

0 325 251 398 ''Spiritum
275 329 535 394 adoptionis
558 338 850 392 receperunt.

97 404 186 458 Est
210 414 360 455 autem
388 405 711 455 demonstratio
731 407 800 453 cui
831 404 1080 454 contradici
1122 421 1216 452 non
1254 411 1420 468 potest.
1448 402 1603 455 Vide-

25 487 138 536 bant
158 487 282 535 enim
301 482 508 533 miracula
530 499 633 547 quae
660 482 829 532 fiebant
851 500 931 548 per
944 482 1151 530 divinum
1173 478 1411 546 Spiritum.
1434 479 1603 532 Theo-

30 563 238 614 doretus.

86 636 159 706 vEt
179 637 290 687 hinc
313 636 541 686 concludit
567 634 760 702 :ltaque
796 639 914 685 inter
950 653 1052 697 vos,
1081 634 1108 685 ὃ
1138 632 1311 685 Galatae
1348 635 1600 687 christiani!

25 733 125 770 non
147 724 215 767 est
238 717 337 781 quis
362 733 538 775 servus,
562 715 644 764 sed
669 718 775 765 estis
802 715 880 766 filii
900 713 1008 774 Dei,
1029 716 1240 776 majores,
1261 714 1416 777 adultis,
1440 714 1599 777 liberi,

11 796 198 860 ,quippe
224 795 298 859 qui
326 794 370 841 in
391 794 620 857 baptismo
648 789 879 850 Christum
905 792 1044 841 fitium
1068 789 1156 840 Dei
1180 791 1402 853 induis-HS,
1428 809 1526 857 cap.
1553 790 1601 846 3.

26 864 86 924 Ῠ.
115 872 196 939 37.
220 881 266 922 et
285 869 502 937 Spiritum
521 871 632 934 filii,
660 875 866 936 spiritum
892 873 1150 936 adoptionis
1170 874 1401 938 recepistis
1423 874 1470 921 in
1493 889 1602 921 cor-

29 947 165 998 dibus
193 951 378 997 vestris.
1105 958 1109 959 ⁷

102 1023 243 1090 ριιὸιί
257 1023 452 1087 sifilt'us
470 1059 486 1083 ‚
519 1033 564 1071 et
582 1025 732 1072 lzoeres
749 1041 835 1088 pet·
858 1025 1021 1072 Deum.
1055 1020 1138 1072 Gr.
1174 1022 1295 1087 quod
1318 1024 1354 1070 si
1378 1022 1491 1071 filius
1510 1060 1523 1083 ‚
1555 1030 1602 1072 el:

25 1100 176 1153 haeres
202 1100 294 1151 Dei
332 1117 413 1166 per
437 1097 684 1150 Christum.
712 1097 820 1167 Syr.
863 1100 985 1165 quod
1009 1103 1045 1149 si
1073 1100 1171 1164 filii,
1200 1110 1244 1150 et
1270 1102 1479 1151 haeredes
1508 1100 1600 1152 Dei

25 1200 111 1250 per
133 1180 294 1232 Jesum
318 1179 582 1232 Christum·

92 1255 250 1311 Altera
273 1259 500 1309 conclusio
526 1277 722 1324 sequens
740 1276 799 1308 ex
821 1257 981 1325 prima.

99 1335 241 1401 Quod
268 1342 305 1387 si
326 1338 402 1386 (ilii
431 1336 525 1386 Dei
546 1338 740 1398 majores
769 1346 813 1386 et
835 1337 971 1385 adulti
995 1357 1005 1395 3
1034 1353 1142 1401 ergo
1161 1345 1204 1385 et
1223 1337 1359 1402 pleno
1387 1339 1484 1400 jure
1506 1336 1607 1386 hae-

28 1413 168 1464 redes
208 1411 299 1463 Dei
317 1451 329 1472 .,
368 1430 450 1477 per
489 1411 651 1462 Jesum
676 1408 906 1460 Christum
931 1449 944 1474 ,
980 1428 1115 1478 quem
1154 1411 1362 1460 induistis
1393 1419 1438 1460 et
1479 1414 1604 1474 cujus

29 1492 272 1560 Spiritum,
295 1488 509 1559 tanquam
532 1493 806 1542 haereditatis
834 1501 1006 1558 partem
1029 1500 1072 1541 et
1097 1492 1399 1541 arrhabonem
1419 1528 1432 1552 ‚
1459 1509 1602 1542 rece-

28 1573 158 1638 pistis
181 1592 192 1621 :
216 1571 318 1638 Qui
337 1580 405 1620 est
422 1573 590 1635 pignus
617 1571 901 1619 hoeredilotis
921 1579 1106 1619 nostroe.
1132 1567 1310 1635 Ephes.
1340 1589 1355 1618 1
1370 1606 1380 1618 .
1418 1570 1495 1630 14.

100 1646 261 1698 Patres
286 1646 472 1697 familias
489 1653 597 1696 satis
622 1652 742 1712 saepe
767 1647 867 1696 filiis
885 1650 996 1705 suis,
1019 1647 1196 1707 adultis,
1220 1648 1498 1708 majoribus,
1523 1663 1603 1696 sa-

29 1726 260 1790 pientibus
285 1734 330 1775 et
355 1727 442 1775 sibi
462 1725 670 1785 subditis,
700 1725 892 1791 aliquam
908 1724 1184 1774 haereditatis
1215 1732 1393 1789 partem
1423 1724 1597 1775 donant

30 1801 403 1870 dispensandam.

99 1877 166 1928 lta
188 1876 326 1929 Pater
362 1879 573 1940 coelestis,
598 1881 688 1928 suis
718 1881 763 1927 in
791 1877 973 1928 Christo
997 1880 1115 1938 filiis,
1149 1877 1365 1944 Spiritum
1388 1889 1594 1932 sanctum

29 1955 169 2006 donat
191 1995 203 2018 ‚
225 1959 348 2023 quasi
371 1965 542 2022 partem
567 1965 610 2005 et
635 1956 813 2004 arrham
837 1965 1023 2005 aeternae
1048 1956 1336 2006 haereditatis.

96 2029 224 2083 Deus
245 2036 343 2100 ipse
369 2042 488 2083 totus
516 2036 562 2082 in
583 2036 719 2098 patria
743 2034 1060 2098 possidendus,
1079 2042 1145 2083 est
1168 2042 1330 2083 aeterna
1352 2032 1594 2084 haereditas

29 2110 213 2160 nostrai
236 2108 427 2177 Spiritus
449 2119 629 2159 sanctus
647 2114 694 2159 in
722 2115 887 2160 nostris
918 2112 1129 2161 cordibus
1156 2110 1423 2169 infunditur,
1468 2111 1594 2161 velut

27 2187 163 2250 hujus
189 2199 375 2240 aeternae
401 2198 446 2240 et
473 2190 640 2239 divinae
684 2189 958 2239 baereditatis
1000 2209 1101 2255 pars
1144 2199 1187 2239 et
1232 2190 1378 2239 arrha.
1421 2186 1595 2240 Praeter

31 2268 214 2317 citatum
241 2263 366 2331 Eph.
393 2268 541 2318 locum
565 2306 577 2330 ,
594 2268 704 2317 vide
732 2268 980 2317 secundam
1003 2265 1109 2318 Cor.
1143 2288 1186 2318 1.
1211 2288 1291 2318 22.
1319 2277 1363 2318 et
1379 2267 1426 2318 5.
1452 2267 1502 2317 5-

506 2439 822 2476 OBSERVATIO
857 2442 1098 2478 MORAMS.

95 2572 322 2645 Agnosce
345 2594 451 2644 ergo
466 2578 560 2642 hic,
586 2576 614 2629 ὃ
635 2574 921 2632 Christiane!
945 2581 1233 2632 nobilitatem
1258 2589 1304 2631 et
1325 2579 1586 2631 felicitatem

26 2662 168 2705 tuam.

93 2729 236 2795 Filius
265 2750 314 2783 es
336 2728 437 2782 Dei
458 2735 551 2783 vivi
574 2772 589 2798 ‚
631 2737 796 2801 quippe
837 2739 913 2802 qui
953 2733 1113 2786 Jesum
1156 2732 1418 2797 Christum,
1465 2749 1586 2782 con-
1657 2759 1661 2763 ·

23 2809 363 2858 substantialem
387 2806 477 2858 Dei
493 2811 585 2859 vivi
613 2810 781 2874 filium,
806 2814 852 2861 in
878 2810 1114 2878 Baptismo
1143 2811 1343 2861 induisti.

93 2879 234 2933 Filius
259 2900 308 2934 es
324 2881 415 2934 Dei
440 2886 564 2952 vivi,
587 2888 754 2955 quippe
790 2891 866 2956 qui
910 2885 1127 2956 Spiritum
1154 2885 1256 2938 Filii
1287 2885 1378 2937 Dei
1419 2887 1515 2937 vivi
1537 2887 1584 2936 in
