1794 3210
135 78 238 134 250
419 92 549 130 secu
558 90 674 129 unffi
710 93 968 134 EmSTOLAE
1002 93 1083 133 An·
1109 94 1436 134 comm-mos

373 365 715 421 ANALYsls
751 364 1019 420 cAP1T1s
1055 362 1465 419 noonsscuvn.
1520 335 1522 337 ’

134 508 385 600 Amant
408 550 602 612 gloriam
643 567 773 597 suam
806 551 1054 613 Apostolus
1070 585 1088 612 ,
1115 563 1161 600 et
1182 553 1261 615 qui
1291 553 1342 599 in
1363 553 1516 615 capite
1538 570 1714 618 praece·

133 615 359 666 demise,
403 623 453 658 ut
485 612 662 658 Christi
693 613 986 667 ministrum,
1016 631 1112 675 prae
1144 613 1553 676 pseudoapostolis
1582 632 1714 662 com·

133 675 374 722 mendavit
392 675 453 720 ob
472 671 655 719 labores
672 683 718 718 et
739 674 982 735 passiones
1003 691 1106 735 quae
1128 674 1444 721 abundantitns
1469 675 1714 738 Evangelii

134 738 268 782 causa
286 771 298 789 ‚
322 754 418 799 pree
440 734 530 780 illis
554 736 796 787 toleravit,
821 735 981 780 inhoc
1002 742 1154 798 capite
1173 751 1270 780 sese
1285 753 1376 796 prae
1391 736 1565 782 eisdem
1588 753 1716 784 com·

133 798 351 850 mendat,
375 797 436 842 ob
465 796 547 841 Dei
581 797 706 842 dona
733 796 822 841 sibi
856 796 1160 842 excellentihs
1189 795 1384 851 collata,
1411 796 1472 843 ob
1505 798 1712 847 visiones

131 860 309 907 scilicet
331 868 376 904 et
398 857 724 905 revelationes.

195 955 246 996 is.
275 964 384 1009 ergo
402 964 433 991 -2
450 979 464 1005 ,
486 947 512 990 3
529 981 541 1001 ‚
565 947 595 1004 4
612 981 625 1001 ,
650 963 787 994 suum
809 957 966 994 narrat
995 956 1181 1010 raptum
1220 947 1269 993 in
1304 943 1493 993 tertium
1516 946 1713 1008 coelum3

138 1025 277 1071 quem
294 1019 451 1054 tamen
474 1009 714 1054 modestice
739 1011 876 1055 causzi
902 1009 1149 1071 exprimit,
1172 1026 1270 1055 non
1308 1008 1358 1054 in
1381 1023 1466 1062 suo
1487 1010 1713 1065 nomine,

137 1071 219 1117 sed
246 1072 293 1116 in
323 1071 454 1116 tertia
480 1087 712 1132 persona:
747 1085 834 1116 nec
868 1070 998 1115 enim
1019 1071 1207 1132 gloriari
1244 1069 1363 1123 vult,
1385 1069 1478 1114 nisi
1501 1070 1550 1116 in
1564 1071 1712 1118 *infir-

135 1132 372 1177 mitatibus
392 1165 405 1185 ,
429 1139 475 1179 51.
502 1133 546 1177 5.

195 1226 246 1268 is.
270 1221 314 1266 6.
356 1223 517 1266 Posset
554 1217 688 1281 plura
713 1217 985 1277 hujusmodi
1007 1216 1159 1264 dicere
1175 1250 1189 1272 ‚
1222 1215 1307 1263 sed
1335 1217 1587 1279 supprimit
1610 1234 1710 1272 ,ne

132 1282 282 1343 major
309 1281 522 1329 videatur
547 1281 684 1342 quam
713 1280 790 1324 sit.

197 1379 247 1422 ἣν.
276 1387 317 1431 7.
339 1372 505 1423 Narrat
527 1368 789 1431 quomodo,
825 1385 886 1414 ne
927 1367 989 1414 ob
1026 1367 1336 1414 revelationes
1369 1365 1674 1413 extolleretur
1694 1400 1710 1426 ‚

134 1432 270 1479 datus
296 1444 366 1479 est
386 1432 453 1477 illi
474 1431 689 1477 stimulus
712 1430 888 1482 carnis,
910 1429 1102 1490 angelus
1125 1430 1339 1486 Satanae,
1355 1445 1462 1474 eum
1486 1424 1729 1474 continue

134 1494 460 1557 colaphizans,
495 1490 736 1554 quomodo
781 1490 963 1551 rogavit
1006 1500 1056 1535 ut
1097 1490 1371 1551 tolleretur-3
1411 1489 1586 1534 Christi
1636 1505 1714 1535 re·
1791 1515 1794 1518 -

135 1570 362 1619 sponsum
378 1588 392 1613 ‚
409 1555 514 1616 quia
545 1553 690 1600 virtus
721 1552 768 1597 in
791 1552 1061 1598 infirmitate
1082 1551 1322 1613 perficitur
1346 1570 1356 1594 ε
1382 1550 1588 1611 hincque
1609 1565 1712 1596 ma·

132 1618 238 1664 vult
266 1617 432 1662 Paulus
454 1617 502 1661 in
540 1615 634 1661 suis
669 1612 1016 1659 infirmitatibus
1038 1612 1257 1674 gloriari,
1279 1612 1422 1676 quam
1447 1612 1498 1657 in
1521 1609 1712 1657 Domini

130 1678 522 1731 revelationibus,
543 1684 594 1725 il.
617 1676 644 1721 8
660 1709 671 1730 ,
706 1689 734 1734 9
754 1707 769 1734 ‚
803 1691 876 1721 10.

195 1776 245 1817 ὴ.
275 1786 291 1813 1
308 1788 346 1816 1.
363 1768 568 1813 Excusat
589 1783 718 1812 suam
742 1765 1044 1828 semetipsum
1068 1763 1293 1811 laudandi
1318 1764 1583 1817 licentiam,
1608 1762 1711 1810 cul·

133 1846 336 1892 pamque
373 1828 522 1888 rejicit
563 1831 612 1874 in
655 1827 960 1887 Corinthios,
994 1828 1073 1888 qui
1108 1825 1326 1889 Apostoli
1353 1825 1422 1872 sui
1447 1825 1712 1887 apologiam

135 1903 290 1937 texere
312 1891 584 1937 debuissent
608 1910 618 1935 ε
652 1892 755 1935 cim]
779 1905 877 1934 non
902 1888 1043 1934 fuerit
1061 1889 1185 1949 apud
1207 1903 1289 1933 eos
1315 1887 1564 1951 praeeipuis
1586 1890 1713 1949 Apo·

133 1954 265 1999 stolis
288 1952 511 2008 inferior,
536 1954 642 1999 chin
666 1952 764 2012 ejus
788 1950 994 1999 viderint
1016 1949 1308 2013 apostolatfis
1326 1950 1490 2011 signa,
1517 1949 1626 1993 clun
1650 1947 1716 1993 ab

133 2031 189 2062 eo
215 2032 313 2063 non
344 2015 524 2062 minora
552 2013 818 2076 receperint
839 2012 989 2068 dona,
1015 2012 1154 2070 quam
1189 2027 1292 2071 quae
1315 2017 1595 2073 receperunt
1621 2023 1711 2054 eae·

128 2085 237 2122 terae
261 2076 468 2123 ecclesiae
490 2075 549 2121 ab
573 2075 672 2121 aliis
698 2073 972 2138 Apostolis,
997 2072 1086 2118 nisi
1107 2071 1233 2134 quod
1254 2070 1345 2117 illis
1370 2069 1712 2133 evangelizavit

127 2140 270 2198 gratis
287 2173 300 2193 ‚
323 2146 372 2187 51.
406 2155 454 2186 ια
471 2170 484 2192 ,
513 2138 583 2182 ι3.

191 2229 338 2289 Hujus
361 2228 566 2288 injuriae,
590 2227 626 2272 si
648 2243 750 2288 quae
771 2226 856 2279 sit,
888 2224 1074 2270 veniam
1102 2224 1164 2269 ita
1223 2223 1304 2270 etit
1320 2257 1333 2278 ,
1352 2232 1403 2269 ut
1425 2229 1474 2272 ὑ.
1506 2224 1577 2282 ¹4·
1615 2231 1708 2270 tes*

127 2298 249 2335 tetur
274 2291 402 2351 quod
433 2290 484 2336 in
506 2306 593 2336 suo
624 2287 841 2351 persistet
863 2287 1105 2341 instituto,
1135 2242 1347 2346 nihilque
1372 2285 1433 2331 sit
1460 2284 1519 2331 ab
1541 2284 1610 2331 eis
1632 2299 1710 2332 re·

128 2361 365 2414 cepturus.

186 2444 337 2503 Hujus
359 2444 423 2490 rei
447 2452 538 2490 tres
561 2440 640 2487 dat
667 2441 871 2487 rationes
893 2438 1066 2486 affectu
1088 2438 1272 2503 plenas.

182 2525 338 2572 Primo
363 2558 376 2579 ,
399 2523 587 2570 illorum
611 2522 775 2585 quaerit
796 2521 994 2568 salutem
1014 2554 1027 2576 .
1050 2538 1147 2566 non
1168 2536 1330 2567 eorum
1353 2517 1505 2565 dona.

181 2612 400 2660 Secundo
420 2647 435 2672 ,
459 2622 510 2659 ut
532 2628 693 2659 eorum
721 2612 856 2657 Pater
874 2645 887 2665 ,
912 2612 1042 2671 juxta
1066 2620 1246 2657 naturae
1269 2610 1453 2672 legem5
1471 2605 1575 2656 vult
1597 2603 1706 2652 titiis
1782 2649 1786 2653 ,

118 2676 213 2724 suis
235 2675 370 2730 dare,
392 2692 494 2721 non
518 2674 576 2720 ab
602 2674 669 2720 eis
690 2673 918 2735 accipere.

179 2765 340 2812 Tertio
360 2799 372 2818 ‚
396 2782 493 2811 non
517 2781 597 2810 sua
630 2764 814 2809 tantiun
837 2796 852 2820 ‚
883 2771 935 2808 ut
958 2772 1090 2824 pater
1107 2796 1120 2817 ‚
1146 2770 1336 2825 paratus
1363 2768 1436 2807 est
1459 2757 1526 2805 eis
1559 2755 1670 2802 dare
1689 2788 1704 2810 ‚

119 2826 203 2874 scd
230 2826 598 2890 etsemetipsum
624 2840 711 2888 pro
734 2840 898 2870 eorum
920 2824 1095 2880 salute,
1120 2831 1170 2873 51.
1200 2824 1271 2870 15.
1456 2823 1482 2838 ⁹

184 2925 233 2968 ὴ.
261 2918 330 2965 ι6.
348 2918 542 2965 Resutat
566 2915 848 2966 calumniam
866 2917 954 2966 sibi
976 2917 1034 2964 ab
1057 2917 1334 2966 adversariis
1348 2915 1524 2962 illatam
1539 2950 1558 2977 ‚
1574 2910 1706 2977 quod
