1794 3210
413 137 630 174 Tamum
667 136 959 175 Exposrrm.
994 124 1111 191 cop.
1147 120 1267 176 III.
1514 116 1614 193 377

28 247 43 262 t
117 206 212 262 Atii
236 209 366 261 muiti
391 209 546 276 tegunt
571 211 870 276 proscriptuS,
903 209 952 260 id
974 218 1073 271 est,
1101 211 1469 273 condemnatae,
1495 213 1615 263 inter

51 305 167 358 quos
190 285 416 339 Batonius
449 289 507 338 ad
540 306 615 339 an.
643 287 735 347 35,
772 290 848 353 qui
877 297 1001 353 putat
1028 291 1164 338 etiam
1187 288 1409 353 quosdam
1435 286 1617 341 Galatas

50 367 191 419 fuisse
224 366 555 433 Jerosolymis,
590 365 773 431 quando
797 362 933 414 Jesus
968 363 1176 416 Christus
1209 366 1537 440 condemnatus
1569 377 1616 420 et
1678 399 1684 403 κ

50 450 291 501 crucifixus
317 449 417 508 suit.

117 526 264 578 Juxta
290 541 404 592 quos
431 523 508 574 hic
533 524 616 573 erit
638 540 828 573 sensus:

113 605 241 659 Ante
265 621 455 671 quornm
490 602 662 662 oculos,
695 603 967 669 quibusdam
989 599 1194 653 vestrfim
1231 604 1536 668 praesentibus
1567 613 1615 656 et

3 677 16 693 ⁰
40 685 379 751 spectantibu3‚
403 679 552 745 {Jesus
585 678 791 731 Christus
825 681 1128 748 Jerosotymae
1161 679 1245 730 suit
1282 681 1616 734 condemnatus

43 769 89 812 et
117 760 375 811 crucifixus.
1031 818 1034 821 Δ

24 836 37 839 ”
110 837 270 890 Posti&
300 835 488 888 B'aronii
529 835 812 900 conjectura,
848 837 924 888 hic
954 856 1115 889 sensus
1149 846 1270 888 esset
1302 839 1359 888 ad
1384 839 1608 905 litteram,

44 924 89 967 et
115 916 351 978 naturalis,
385 924 432 966 et
456 923 673 980 praeterea
694 915 816 967 hunc
837 933 1020 967 versum
1045 925 1337 967 connecteret
1361 935 1464 968 cum
1485 936 1612 984 prae—

43 994 239 1044 cedente
262 997 308 1044 in
331 994 534 1043 secundo
561 995 722 1058 capite.

109 1069 205 1122 Sed
226 1074 395 1137 primus
415 1079 484 1120 est
503 1071 598 1120 divi
622 1068 941 1135 Chrysostomi
960 1103 973 1129 ‚
999 1067 1287 1121 Theodoreti
1305 1108 1320 1133 ‚
1345 1070 1608 1142 Theophy-

40 1148 168 1211 tacti,
191 1155 236 1197 et
260 1149 386 1210 juxta
420 1155 598 1196 textum
629 1144 877 1209 Graecum,
906 1147 1013 1197 ideo
1047 1147 1373 1211 praeferendus.

449 1313 863 1350 OBSERVATIO
902 1311 1231 1350 MORALIS.

105 1439 174 1494 D.
207 1441 584 1495 PaulusGalatas
615 1453 870 1504 sanaturus,
899 1445 950 1496 ut
979 1448 1158 1511 sapiens
1190 1446 1424 1510 medicus,
1447 1438 1612 1520 morh}

40 1539 220 1572 causam
255 1531 301 1573 et
333 1525 604 1590 principium
646 1525 859 1574 observat
898 1532 943 1574 et
983 1527 1157 1589 tangit,
1203 1525 1371 1575 scilicet
1395 1564 1409 1589 ,
1436 1523 1609 1577 Christ¹

33 1618 119 1667 pro
146 1602 282 1651 nobis
315 1605 485 1652 mortui
522 1604 834 1664 oblivionem3
864 1621 944 1654 seu
979 1622 1074 1653 non
1112 1611 1331 1654 attentam
1355 1605 1414 1654 ad
1442 1602 1605 1657 Chris-

29 1688 150 1742 tum,
177 1678 345 1731 Filium
378 1679 488 1742 Dei,
512 1699 595 1746 pro
622 1685 756 1733 nobis
777 1682 1043 1732 crucifixum
1068 1683 1499 1736 considerationem.

106 1758 155 1811 Si
185 1764 308 1812 enim
338 1765 496 1811 mortis
526 1762 661 1826 hujus
685 1766 900 1812 meritum
933 1770 979 1812 et
998 1761 1226 1825 [effectum
1252 1765 1606 1829 perpendissent

36 1835 227 1898 Galam,
253 1837 310 1887 ad
331 1837 486 1902 legalia
508 1857 743 1904 nunquam
765 1843 1056 1891 recurrissent
1076 1859 1086 1888 :
1113 1843 1151 1890 si
1173 1839 1408 1892 Christum
1427 1845 1474 1893 in
1497 1861 1602 1893 cru-

37 1930 119 1977 ce,
142 1921 191 1964 ut
211 1915 392 1976 justitiae
428 1914 623 1977 fontem,
655 1924 701 1966 et
723 1916 934 1966 humanae
958 1917 1108 1967 salutis
1130 1919 1405 1982 remedium,
1432 1924 1605 1971 attente

36 2005 123 2055 per
153 1989 295 2041 fidem
322 1993 470 2040 1ntu1t1
487 1990 698 2054 fuissent
709 1992 781 2041 ad
821 1993 1057 2058 dissipatas
1083 1993 1193 2060 legis
1228 1997 1444 2045 cisternas
1469 2003 1514 2045 et
1546 1992 1607 2048 ad

37 2082 179 2131 egena
200 2066 426 2116 elementa
447 2085 542 2117 non
563 2071 874 2122 recurrissent.

104 2142 172 2194 Ut
210 2144 333 2195 idem
376 2146 512 2195 nobis
548 2163 644 2195 non
690 2150 902 2209 eveniat,
942 2155 988 2199 et
1020 2166 1081 2199 ne
1121 2149 1231 2214 quid
1276 2150 1425 2200 simile
1467 2152 1622 2205 nobis,

35 2227 301 2291 exprobrari
328 2229 494 2292 possit,
517 2224 752 2278 Christum
783 2246 868 2294 pro
902 2231 1071 2279 nobis
1058 2249 1106 2281 ιη
1137 2249 1269 2281 cruce
1301 2231 1601 2298 pendentem,

35 2323 212 2373 suoque
235 2310 452 2372 sanguine
478 2318 663 2374 peccata
683 2319 835 2362 nostra
856 2321 1146 2377 purgantem,
1173 2314 1312 2364 oculis
1338 2313 1446 2365 fidei
1471 2332 1618 2370 seme--

39 2401 124 2450 per
143 2388 414 2435 intueamur.
463 2379 465 2382 ’

101 2459 224 2513 Vide
256 2464 538 2529 pendentem
573 2472 616 2514 et
651 2464 707 2513 de
741 2481 822 2514 suo
855 2468 1075 2530 sanguine
1097 2467 1180 2517 tibi
1205 2466 1607 2518 medicamentum

35 2538 384 2600 conficientem,
418 2541 480 2588 ait
518 2537 580 2590 D.
614 2536 737 2605 Aug.

101 2614 261 2682 Imago
304 2611 528 2667 Cmcifixi
563 2619 620 2667 sit
645 2620 771 2683 qnasi
800 2617 915 2669 liber
958 2619 1130 2685 ubique
1153 2619 1247 2680 {tibi
1287 2619 1605 2687 depraedicans

35 2699 126 2743 tuae
154 2691 484 2756 redemptionis
518 2692 812 2745 beneficium.

97 2765 242 2828 Crux,
276 2785 379 2817 cum
412 2783 494 2817 suo
515 2767 672 2830 tituto,
698 2766 834 2819 Jesus
855 2766 1136 2832 Nazarenus‚
1168 2778 1276 2832 etc.,
1299 2770 1516 2833 salvator,
1540 2773 1600 2822 sit
1691 2763 1694 2767 ⁴

27 2849 180 2913 imago
203 2844 453 2912 Christum,
481 2865 565 2899 suo
600 2852 818 2916 sanguine
844 2857 966 2900 tuam
991 2851 1177 2902 satutem
1203 2859 1492 2918 operantem,
1519 2869 1604 2902 re·-

30 2934 326 2990 presentans·

186 3010 259 3047 ιιι.
1322 2996 1402 3049 16.
