1794 3210
359 62 574 100 rumex
601 59 884 98 cnosi-no,
923 43 1040 110 Cap.
1077 37 1160 95 Ila
1462 39 1566 112 359

4 157 27 242 i
358 163 364 167 ⁴
390 219 410 225 -
663 177 889 235 ρυᾼιιτὸ.

1 299 13 351 23
66 299 238 354 Omnis
263 300 544 354 Christianus
586 317 647 351 ex
686 301 895 351 versibus
937 314 1023 363 17,
1057 295 1149 359 18,
1179 314 1258 365 19.
1298 296 1470 358 discat,
1514 302 1562 346 et

0 386 252 435 certissime
286 384 438 450 ‹redat
463 381 624 433 Jesum
662 375 901 430 Christum
929 376 1100 430 nostrae
1138 365 1289 427 salutis
1332 384 1562 428 auctorem

0 477 115 512 esse.
1632 455 1639 458 ’

66 535 176 588 Hoc
214 536 287 587 lex
308 539 405 602 ipsa
425 534 557 585 docet
577 571 592 595 ‚
617 532 675 582 ad
708 528 936 581 Christum
953 569 967 595 ,
994 532 1120 598 quasi
1142 528 1199 579 ad
1218 546 1410 594 scopum
1429 543 1563 579 suum

0 617 227 676 collimatis
249 624 297 666 et
323 633 462 666 manu
488 615 678 665 ducens.
1580 666 1581 669 Ἴ

8 730 15 737 .
62 690 174 743 Hoc
196 689 325 742 Deus
353 695 452 757 ipse
470 729 484 751 ,
514 691 623 755 legis
641 697 816 750 ametor,-
838 688 1126 739 confirmavit
1145 704 1231 753 per
1253 686 1426 736 infinita
1447 701 1560 752 pro-

0 772 138 838 digia,
171 775 217 822 in
243 772 377 837 hujus
406 773 604 823 veritatis
631 773 942 820 testimonium
968 778 1147 835 patrata.

62 851 318 903 Videantur
343 856 516 913 motiva
545 850 851 902 credibilitatis
873 850 1127 901 christianae
1149 849 1272 900 fidei.

66 927 328 979 Christiano
366 932 514 994 itaque
557 931 604 978 in
633 924 868 976 Christum
893 928 1098 976 credenti
1125 933 1168 975 et
1202 925 1259 974 ab
1288 941 1346 973 eo
1373 921 1565 973 salutem

0 1008 225 1071 sper-anti,
264 1004 660 1055 nihil‘tirnendurn
679 1041 694 1065 ‚
739 1005 907 1069 quippe
947 1001 1072 1053 Deus
1095 1005 1193 1066 ipse
1212 1009 1384 1051 nostrae
1409 999 1563 1050 salutis

0 1092 69 1134 est
89 1102 169 1134 vas
189 1093 235 1134 et
255 1100 466 1148 sponsor,
487 1085 559 1132 cui
574 1085 619 1132 in
636 1082 710 1131 die
728 1082 876 1143 judi‹···
851 1100 878 1129 n
898 1081 1184 1130 confidenter
1204 1096 1308 1129 cum
1325 1076 1561 1129 Richardo

0 1164 22 1210 a
43 1168 200 1210 sancto
228 1156 414 1210 Victore
436 1161 687 1225 poterimus
708 1158 894 1208 dicere:

64 1234 111 1286 f
114 1245 162 1286 ot
202 1244 247 1286 et
284 1239 416 1286 tantis
440 1238 604 1301 signis,
633 1245 676 1285 et
704 1244 794 1285 tam
823 1236 948 1284 miris
982 1232 1226 1299 prodigiis,
1255 1248 1355 1296 quae
1379 1230 1565 1281 nonnisi

0 1330 81 1380 per
120 1320 166 1362 te
204 1313 300 1363 fieii
326 1320 542 1378 possunt,
575 1309 850 1361 contirmzisti
882 1312 1131 1360 doctrinam
1154 1317 1304 1368 tuam,
1353 1315 1399 1355 ut
1425 1306 1562 1355 nobis

0 1390 252 1442 timendum
293 1407 388 1440 non
431 1394 488 1440 sit
527 1391 573 1438 in
618 1389 690 1438 die
717 1389 901 1452 judicii:
929 1405 1086 1436 nonne
1121 1389 1246 1436 enim
1287 1402 1391 1434 cum
1433 1383 1562 1433 omni

0 1473 163 1523 fiducia
187 1470 292 1522 Deo
321 1472 474 1522 dicere
500 1473 747 1536 poterimus
770 1489 781 1518 :
807 1467 1010 1519 Domine
1029 1507 1045 1530 ‚
1086 1471 1123 1518 si
1165 1485 1292 1520 error
1317 1475 1414 1527 est,
1454 1469 1482 1515 a
1515 1473 1559 1515 te

0 1549 96 1617 ipso
122 1547 302 1613 decepti
325 1564 497 1597 sumus.

669 1695 823 1741 Qum]
838 1683 883 1728 ὸ.

63 1804 196 1858 Idem
219 1804 502 1857 Christ³anus
530 1825 589 1857 ex
612 1807 821 1858 versibus
849 1824 910 1872 19
927 1812 970 1855 et
996 1823 1071 1853 ρο.
1098 1803 1237 1853 discat.
1259 1802 1381 1868 quod
1393 1799 1562 1852 Chris-

0 1890 94 1942 tus,
127 1885 378 1946 praesertim
400 1885 447 1930 in
471 1900 601 1932 cruce
630 1883 863 1947 pendens,
900 1884 958 1930 sit
985 1880 1135 1930 salutis
1158 1888 1339 1938 auctor;
1370 1882 1473 1945 quia
1497 1880 1561 1929 ibi

0 1960 180 2007 victima
221 1966 512 2022 peccatorum
543 1967 804 2008 nostrorum
838 1961 1155 2024 purgationem
1184 1955 1354 2005 faciens
1375 1962 1423 2006 in
1445 1972 1560 2005 san-

0 2034 132 2099 guine
153 2040 255 2082 suo·
1253 2045 1255 2054 ’

62 2106 300 2158 Ponderet
320 2110 470 2175 itaque
492 2109 610 2158 dicta
631 2105 695 2170 Jff.
723 2127 787 2158 20
802 2144 816 2168 0
842 2108 925 2173 qui
945 2106 1115 2155 dilectit
1131 2124 1233 2166 me,
1260 2108 1362 2172 quis
1375 2102 1564 2154 dilexit?
1608 2146 1615 2148 .

0 2204 132 2256 quem
161 2188 350 2238 ditexit?

55 2263 120 2312 Ec
152 2264 347 2312 tradidit
383 2264 677 2327 semetipsum
697 2280 784 2328 pro
824 2280 911 2311 me.
953 2258 1190 2326 Singulum
1217 2276 1447 2327 quemque
1468 2257 1563 2324 pari

0 2340 221 2392 charitatis
250 2342 392 2391 rnodo
425 2342 570 2408 diligit
605 2360 696 2409 quo
743 2341 887 2407 diligit
912 2342 1075 2391 orbem
1111 2342 1394 2390 universum.
1441 2335 1564 2388 Vide
1623 2328 1626 2331 “

0 2422 394 2471 commentarium.

702 2558 879 2607 sssxu').

63 2691 247 2744 Ibidem
269 2699 310 2742 et
333 2687 617 2743 Christianus
633 2691 775 2742 discat
790 2692 979 2742 modum
996 2706 1087 2756 quo
1105 2689 1180 2739 fiat
1195 2688 1330 2752 hujus
1347 2685 1564 2738 Victimae

0 2771 198 2824 salutaris
220 2771 473 2837 particeps,
499 2787 670 2837 nempe
695 2772 838 2821 sinna
864 2788 967 2820 cum
994 2766 1185 2819 Christo
1210 2767 1494 2832 crucifigaris.

63 2850 252 2916 Primo,
299 2869 381 2918 per
418 2850 705 2919 Paptismum
756 2853 970 2920 quflem,
1028 2868 1117 2919 quo
1165 2850 1403 2902 credentes
1452 2847 1565 2898 fiunt
