1794 3210
379 40 607 77 ‘rnrpmx
642 13 925 76 expostum
963 20 1084 89 Cap.
1112 22 1215 75 ΙΙΙ.
1529 22 1635 93 399

68 122 171 172 iusz
195 129 306 174 seu,
331 121 382 163 ut
402 117 461 164 ait
479 110 542 164 D.
568 110 926 180 Chrysostomus
943 149 957 172 ,
986 114 1030 160 in
1055 108 1288 162 Christum
1315 129 1397 176 per
1415 105 1634 164 similitu-

60 192 216 245 dinem
231 189 572 241 transformatus
585 208 659 240 es:
680 190 819 240 factus
841 207 887 238 es
912 189 1257 255 quodammodo
1283 189 1407 256 quod
1423 193 1521 255 ipse
1537 198 1628 242 est.

56 269 112 324 Si
136 271 292 325 natura
315 272 432 325 filius
455 281 526 323 est
551 271 662 332 Dei,
688 281 732 321 tu
757 271 893 337 gratia
922 272 1033 319 tilius
1060 268 1143 320 Uei
1170 273 1260 333 :ea
1287 276 1456 337 quippe
1471 272 1627 338 gratia,

38 361 41 368 “
61 352 123 401 ait
145 347 204 400 D.
228 346 528 416 Augustinus,
556 351 699 400 homo
722 350 772 398 fit
796 346 1095 410 Christianus,
1118 349 1209 413 qua
1234 349 1378 400 homo
1402 350 1541 401 faetus
1561 359 1632 402 est

14 469 18 472 .
65 423 293 478 Christus.

133 503 365 556 Christum
392 506 533 555 filium
566 502 657 555 Dei
687 503 942 562 induimus,
969 506 1052 569 ipsi
1091 505 1320 554 assimilati
1348 523 1536 564 sumus;
1575 508 1636 556 ad

61 600 199 633 unam
217 601 321 634 cum
344 599 400 632 eo
421 583 761 646 cognationem,
787 599 1013 646 unamque
1037 583 1186 632 ideam
1213 584 1417 650 perducti
1451 602 1635 648 sumus,

61 659 199 728 grati&
221 659 322 710 facti
345 659 467 724 quod
490 659 561 709 ille
581 650 649 710 e'st
669 659 842 711 natura.
871 658 1267 729 Theophyiactus.

131 733 630 807 Christum-induimus,
650 740 765 787 sicut
787 737 957 802 lignum
977 740 1121 789 induit
1144 743 1317 805 ignem,
1343 742 1401 790 ait
1420 739 1482 790 D.
1494 738 1633 790 Tho-

62 831 178 865 mas.

132 888 300 941 Tantae
321 894 471 956 gratiae
491 909 688 955 mernor,
714 895 823 943 vive
844 901 889 942 ut
913 894 1027 941 filius
1053 888 1150 943 Dei
1174 930 1184 955 ,
1211 896 1320 944 vive
1349 904 1398 945 ut
1426 893 1634 947 Christus

70 971 186 1036 ipsel

63 1068 66 1071 ·
136 1045 332 1098 Interius
366 1051 500 1111 vive,
525 1051 639 1099 sicut
674 1045 878 1097 Christus
916 1052 1066 1097 vixit:
1103 1049 1222 1112 Quoe
1253 1052 1432 1114 placita
1458 1063 1567 1101 sunt
1592 1055 1640 1102 ei

59 1121 195 1185 facio
211 1140 402 1186 semper.
426 1126 563 1173 Meus
583 1126 711 1173 cibus
731 1133 799 1171 cst
820 1122 1072 1186 alsaciam
1096 1126 1383 1174 voluntalem
1411 1127 1636 1178 Putris..,.

68 1203 219 1252 aiebat
240 1199 465 1252 Christus.
913 1202 920 1206 “
1203 1258 1216 1268 .

138 1278 203 1347 Et
225 1297 325 1347 quae
352 1279 433 1329 suit
458 1275 634 1330 Christi
652 1281 758 1328 vitae
784 1279 956 1343 regula,
984 1279 1144 1329 eadem
1173 1282 1228 1328 sit
1264 1287 1306 1328 et
1331 1288 1432 1329 tua:
1459 1282 1563 1330 ideo
1591 1289 1637 1331 te

36 1389 37 1393 =
70 1359 225 1409 docuit
251 1375 406 1407 orare:
431 1359 546 1406 Fiat
562 1359 882 1407 voluntaswa
905 1362 1025 1406 siout
1048 1359 1094 1405 ιή
1123 1356 1236 1406 coelo
1262 1367 1307 1406 et
1328 1362 1375 1406 in
1396 1368 1534 1411 terra.

138 1432 360 1494 Exterifls
389 1438 498 1484 vive
534 1443 579 1483 ut
612 1431 846 1493 Christus,
883 1452 1020 1498 quem
1051 1435 1261 1491 induisti3
1302 1439 1441 1485 vestis
1475 1445 1549 1486 tua
1581 1440 1639 1487 sit

75 1513 317 1566 Christus:
348 1514 472 1563 solus
504 1531 610 1578 ergo
641 1510 846 1562 Christus
879 1517 928 1562 in
965 1522 1008 1562 te
1046 1513 1279 1575 videatur,
1303 1517 1416 1564 sicut
1455 1517 1502 1564 in
1536 1516 1638 1566 ho-

74 1594 200 1644 mine
227 1594 395 1642 vestito
420 1591 514 1640 sola
543 1592 684 1639 vestis
713 1590 908 1639 videtur.

145 1668 365 1720 Videatur
396 1671 443 1718 in
477 1677 520 1718 te
552 1665 720 1718 Christi
747 1666 998 1730 humilitas,
1028 1666 1281 1728 modestia,
1315 1670 1636 1733 mansuetudo,

78 1753 312 1816 patientia,
337 1757 425 1799 etc.

151 1825 219 1891 ss.
249 1827 329 1878 28.
353 1827 463 1875 Non
492 1835 559 1874 est
579 1826 842 1875 Judaeum...
869 1842 1027 1873 omnes
1051 1827 1173 1874 enim
1200 1844 1286 1874 vos
1314 1845 1528 1876 mamm.
1555 1823 1640 1876 Gr.

79 1922 195 1955 unus
217 1906 343 1955 estis,
366 1902 472 1969 Syr.
497 1921 581 1953 vos
607 1920 767 1952 omnes
789 1920 921 1960 unuS,
947 1911 1035 1951 etc.

149 1978 332 2030 Omnes
355 1997 471 2029 unus
500 1983 605 2029 estis
630 1982 674 2029 in
700 1976 881 2028 Christo
907 1977 1015 2027 Jesu
1043 1997 1053 2026 ε
1075 1978 1167 2028 hoc
1196 1988 1285 2041 est,
1309 1980 1516 2030 eamdem
1538 1979 1644 2030 for-

81 2074 224 2118 mam,
243 2056 459 2107 eumdem
475 2064 633 2123 typum
650 2055 828 2119 habetis
845 2072 1025 2115 omnes,
1049 2056 1261 2106 videlicet
1279 2053 1466 2107 Christi.
1485 2054 1643 2124 Chry-

83 2143 326 2184 sostomuS.

155 2210 282 2274 Quid
315 2211 388 2261 his
421 2211 574 2261 verbis
604 2214 748 2273 magis
779 2210 1055 2274 stupendum
1085 2218 1158 2258 aut
1191 2211 1532 2261 reverendum?
1569 2215 1646 2277 qui

38 2350 41 2351 ⁷
87 2289 210 2353 prius
230 2295 320 2336 erat
345 2286 577 2351 ethnicus,
603 2284 794 2336 Judaeus
816 2325 826 2343 ‚
853 2304 1029 2345 servus,
1065 2296 1150 2336 etc.
1173 2305 1292 2336 nunc
1320 2287 1509 2339 formam
1532 2308 1646 2354 ges-

89 2373 169 2427 tat,
193 2382 288 2414 non
309 2364 647 2430 angelhneque
668 2366 940 2431 archangeli,
965 2366 1045 2416 sed
1075 2370 1390 2416 universorum
1423 2367 1643 2429 Domini;

86 2447 137 2495 in
168 2456 270 2494 sese
291 2440 523 2510 Christum
549 2454 855 2508 repraesentat.
878 2443 1010 2495 Idem
1041 2443 1414 2513 Chrysostomus.

566 2581 882 2619 OBSERVATio
920 2585 1058 2620 MORA
1067 2585 1157 2621 Lls.

160 2690 289 2743 Hinc
309 2692 450 2743 discat
478 2691 760 2756 Christianus
782 2698 1064 2748 nobilitatem
1089 2713 1243 2746 suam:
1273 2713 1414 2746 unum
1451 2705 1519 2746 est
1548 2715 1652 2748 cum

91 2769 310 2824 Christo:
333 2772 450 2823 filius
477 2770 567 2853 Dei
594 2783 679 2836 est,
719 2779 831 2842 quia(
843 2775 1093 2838 Christum,
1118 2774 1212 2827 Dei
1241 2775 1410 2836 filium,
1438 2776 1585 2851 induit
1603 2779 1651 2826 in
1709 2810 1713 2813 »

10 2864 12 2868 “
89 2851 336 2916 baptistnO.
519 2854 521 2857 ’
