1794 3210
418 89 636 136 mrimx
669 79 952 135 Exposmo.
989 81 1106 148 Cap.
1143 79 1268 131 XII.
1518 74 1633 146 267

136 173 248 227 Hoc
265 178 374 227 vere
387 176 629 235 stimulus,-
649 189 833 239 carnem
851 173 977 238 quasi
993 173 1196 236 repetitis
1216 170 1379 220 ictibus
1395 169 1633 220 stimulans

70 261 118 305 et
144 256 368 305 εκείῐειιιε.
383 251 493 304 Hoc
513 269 655 303 unum
677 267 737 300 ex
759 249 887 298 telis·
876 250 1022 312 igneis
1046 249 1315 312 nequissimi
1333 238 1549 313 spiritus,
1572 247 1632 298 de

72 331 236 401 quibus
259 327 436 396 Ephes.
459 330 507 380 6.
536 328 613 379 ι6.

50 417 53 421 ’
140 403 329 469 Tertio,
354 406 444 456 hoc
462 404 664 468 Angelus
677 438 695 461 ,
724 417 805 451 seu
832 401 1039 450 minister
1056 396 1255 449 Satanae
1272 436 1289 460 ‚
1319 419 1401 465 per
1422 419 1559 467 quem
1575 403 1635 454 ad

51 491 328 558 *peccatum
324 482 550 549 impellit:
575 479 700 546 quod
719 479 777 529 de
807 479 980 528 morbis
998 478 1088 528 dici
1109 495 1206 528 non
1226 487 1395 546 potest.

55 571 59 575 ’
128 569 351 634 Quarto,
385 569 476 620 hoc
515 569 809 634 colaphizat,
838 583 918 616 seu
955 567 1054 634 plus
1089 568 1277 634 pudoris
1308 577 1458 620 causat
1501 571 1637 648 quern

56 633 273 706 ‘'dolori83
303 645 425 715 quod
440 647 578 696 etiam
598 644 704 694 nulli
725 643 796 693 alii
819 647 1052 698 convenit

143 719 348 785 Quinto,
375 719 469 771 hoc
489 723 668 770 summe
690 718 894 770 humiliat
929 720 1126 770 animam
1155 737 1308 770 coram
1334 717 1440 772 Deo
1459 759 1475 786 ‚
1511 722 1642 785 juxta

72 800 216 851 finem
237 802 494 850 intentum.

146 886 289 960 Quod
309 906 404 938 non
431 891 492 938 ita
512 894 722 954 praestant
745 886 895 935 omnia
918 884 1017 935 alia.

139 953 254 1018 Non
278 968 559 1035 persecutio;
593 967 696 1046 quia
708 981 800 1028 pro
826 957 941 1013 Deo
955 965 1045 1028 pati
1062 999 1076 1024 ‚
1103 962 1363 1028 gloriosum.

141 1042 268 1102 Non
280 1040 536 1111 aegritud0‚
561 1062 660 1112 quae
682 1060 845 1109 corpus
865 1045 1060 1104 cruciat,
1088 1061 1182 1094 non
1203 1048 1427 1096 animum.

139 1126 206 1184 At
227 1134 590 1196 concupiscentia
616 1134 663 1180 in
689 1147 824 1180 carne
855 1131 996 1179 sancti
1025 1133 1252 1195 excitata,
1283 1150 1391 1182 vera
1416 1140 1462 1182 et
1482 1134 1645 1186 intima

23 1267 39 1274 θ
73 1217 145 1263 est
166 1209 315 1260 cordis
334 1209 447 1259 illius
465 1226 618 1259 coram
639 1206 746 1258 Deo
766 1206 1060 1265 annihilati03
1080 1215 1317 1273 peccalum
1339 1211 1386 1257 in
1408 1209 1544 1260 corde
1558 1227 1642 1260 suo

48 1290 246 1358 sentit,
292 1295 338 1337 et
365 1289 543 1352 ignorat
577 1304 634 1335 an
659 1285 719 1336 de
743 1284 861 1334 facto
893 1302 989 1334 non
1026 1288 1313 1336 consentiat·
1347 1286 1455 1337 hine
1482 1291 1661 1350 ἤπιοι.

0 1397 5 1403 -
76 1357 327 1416 humiliatio
345 1381 499 1414 coram
522 1361 658 1426 Deo,
682 1360 970 1424 annihilatiO,
990 1357 1181 1425 nefor-t&
1201 1367 1420 1426 reprobus
1436 1364 1640 1429 efficiar.

47 1500 51 1503 .
143 1452 293 1511 Sexto.
307 1489 322 1515 ,
347 1454 405 1509 ab
428 1452 515 1503 hac
533 1451 741 1510 molestia
764 1459 812 1500 ut
834 1450 1084 1506 liberemur
1106 1456 1343 1517 convenit,
1374 1456 1468 1507 ἰιιιὸ
1485 1453 1642 1515 docuit

75 1527 284 1582 Christus
306 1547 392 1579 nos
415 1547 566 1590 orare,
598 1536 645 1577 et
667 1546 725 1577 ne
745 1546 829 1576 nos
855 1527 1051 1577 inducas
1074 1531 1123 1579 in
1149 1532 1467 1582 tentationem.

146 1617 261 1671 Non
285 1622 345 1669 ita
369 1619 427 1669 de
449 1618 570 1676 aliis,
603 1617 804 1666 maxime
827 1616 887 1666 de
902 1620 1292 1682 persecutionibus
1308 1656 1322 1678 ‚
1346 1637 1454 1684 quas
1474 1617 1649 1671 Paulus

20 1701 27 1708 ‘
77 1696 251 1746 sciebat
283 1693 508 1760 Apostolo
539 1689 708 1742 Christi
733 1693 1048 1755 inevitabile3‚
1081 1696 1170 1757 sibi
1208 1703 1254 1744 et
1292 1695 1387 1745 aliis
1426 1700 1640 1748 omnibus

76 1770 316 1838 Apostolis
338 1788 632 1831 communes,
663 1771 749 1820 sibi
774 1779 820 1821 et
834 1770 929 1821 aliis
953 1771 1186 1836 gloriosas.
1202 1770 1315 1824 Non
1332 1778 1640 1827 conveniebat

72 1865 183 1915 ergo
211 1857 259 1900 ut
282 1858 375 1900 tam
394 1851 615 1898 instanter
641 1855 789 1897 oraret
811 1850 867 1897 ab
887 1851 952 1898 eis
972 1848 1150 1898 liberari
1171 1868 1182 1897 :
1206 1850 1289 1900 sed
1310 1858 1358 1900 ut
1377 1854 1646 1917 patientiam

46 1932 49 1964 ἶ
73 1936 121 1980 et
142 1927 452 1980 fortitudinem
477 1934 668 1993 peteret.

46 2082 50 2086 Δ
141 2011 362 2079 Denique
379 2021 499 2078 patet
521 2029 581 2062 ex
601 2010 922 2062 aliistextibus
939 2049 952 2074 ,
980 2013 1103 2077 quod
1123 2012 1223 2064 talia
1244 2031 1403 2080 passus
1425 2019 1483 2067 sit
1499 2016 1641 2070 Pau--

67 2087 167 2153 Ιιιε,
193 2087 339 2140 Rom.
358 2110 413 2156 7.
442 2089 536 2150 25,
563 2089 642 2138 ubi
664 2088 784 2153 luget
806 2096 853 2138 et
869 2092 1012 2154 gemit
1031 2091 1093 2139 ob
1114 2095 1527 2158 concupiscentiam
1548 2096 1643 2162 legi

38 2199 40 2202 >
69 2162 166 2216 Dei
201 2167 251 2215 in
280 2182 332 2215 se
369 2173 734 2232 repugnantem3
764 2164 1007 2229 etlibidem
1035 2170 1238 2231 agnoscit
1274 2169 1397 2235 quod
1423 2171 1519 2221 sota
1540 2170 1636 2225 Dei

69 2240 212 2307 gmtiti
232 2259 312 2308 per
332 2239 497 2292 Jesum
518 2238 751 2292 Christum
775 2245 831 2292 sit
846 2244 904 2292 ab
932 2260 984 2292 ea
1005 2243 1263 2295 liberandus
1278 2282 1292 2308 ‚
1314 2247 1441 2313 quod
1463 2246 1636 2303 Christi

69 2313 267 2370 Domini
284 2332 504 2381 responso
523 2315 790 2368 conforme.
817 2316 1014 2383 Sufficit
1036 2320 1128 2367 tibi
1154 2324 1311 2383 gratia
1333 2340 1458 2376 mea.

139 2390 248 2444 Nec
283 2401 353 2443 est
380 2393 503 2458 quod
537 2395 637 2460 quis
661 2409 765 2444 cum
790 2390 985 2446 Erasmo
1009 2395 1160 2448 dicat.
1182 2395 1292 2448 Hoc
1313 2405 1438 2451 tanto
1461 2406 1564 2454 viro
1586 2413 1638 2456 et·

39 2510 41 2512 -
70 2487 185 2522 sene
210 2470 466 2560 indignum.
1010 2495 1011 2498 ¹
1338 2503 1340 2505 >

140 2545 292 2611 Resp.
331 2549 454 2597 euim
477 2549 658 2613 primo,
680 2541 818 2615 quod
846 2552 937 2615 quo
961 2554 1104 2616 magis
1125 2551 1366 2617 indignum
1398 2562 1445 2605 et
1465 2553 1631 2608 humi-

71 2620 213 2687 lians,
239 2630 297 2676 eo·
317 2630 462 2691 magis
487 2628 663 2695 intento
685 2627 766 2677 fini
785 2631 1082 2681 conveniens.

140 2715 388 2780 Secundo
408 2718 578 2767 nonita
594 2735 741 2770 senex
756 2728 916 2782 erat,
900 2721 983 2772 sed
1000 2725 1176 2773 circiter
1193 2724 1650 2802 quinquagenarius,
1688 2742 1691 2745 “

68 2805 185 2865 quot
202 2804 356 2849 autem
378 2801 546 2862 sancti,
582 2798 724 2850 multo
747 2802 890 2850 senio.
880 2817 980 2862 es
1011 2802 1072 2853 de
1105 2805 1477 2869 concupiscentia
1499 2813 1653 2870 carnis

36 2878 312 2944 conquesti
327 2878 456 2928 sunt!
473 2872 702 2930 Audiatur
724 2877 786 2932 D.
805 2876 1059 2947 Gregorius
1076 2879 1403 2936 Nazianzenus
1417 2901 1490 2952 ep
1483 2889 1554 2940 '.st
1571 2886 1659 2959 96.
1718 2935 1720 2939 χ
