1794 3210
0 0 12 20 Ι

0 21 10 55 i
88 26 92 28 ·
121 48 132 55 .

4 73 9 90 ²
91 62 94 81 ²
376 81 652 124 amimam(
684 80 966 121 Exvosrrro.
1002 66 1122 131 Cap.
1155 64 1255 118 IX.
1514 83 1621 141 ,ιρι

8 154 182 221 apsel).
212 155 595 228 Chrysostomus‚
615 157 944 211 Theodoretus
959 194 974 221 ,
993 154 1374 226 'theophylactus
1397 163 1557 210 votum
1581 163 1628 208 et

23 244 300 297 ¹emtionem
328 259 429 294 esse
457 241 632 292 dicunt.
736 304 741 307 ¹
1654 255 1660 259 ⁸

0 323 23 388 {J
43 316 319 378 ¹„2‚.Ar.·=ibica
344 321 501 371 ,versio
527 322 575 370 in
612 318 835 383 optativo·

6 400 10 409 '‘
39 393 42 397 ’
111 393 299 464 Syriaca
320 399 472 448 versio
495 397 609 446 sicut
643 402 687 445 et
710 403 868 444 noster
894 393 1119 460 interpres
1146 396 1192 446 in
1212 392 1367 445 futuro
1383 393 1587 461 ,loquitur
1609 414 1620 444 ε

41 469 317 538 Lorgr'etun,
339 471 698 538 multiplicabit,
723 470 909 519 nutrt'et.

107 551 235 606 Item
258 554 528 620 AEthiopica
545 555 714 603 versio.
1252 608 1254 610 v

110 621 225 694 Qua
260 632 437 697 longius
475 649 663 682 omnem
701 626 1053 680 Corinthiorum
1081 627 1385 679 diffidentiam
1427 627 1614 695 repellat

34 703 310 774 Apostolus,
335 709 420 758 illis
444 708 546 758 haec
576 709 666 758 duo
695 709 944 773 promittit,
971 724 1071 774 quae
1093 709 1140 757 in
1165 700 1221 759 39.
1247 707 1295 758 8.
1319 705 1424 757 Deo
1454 711 1620 772 possi-·

31 786 146 845 ,bilia
169 787 311 848 dixit,
337 795 379 837 et
400 804 504 853 quae
528 790 574 836 in
597 778 653 838 ψ.
676 806 725 856 9.
751 787 879 850 justis
903 785 1129 835 ordinarie
1152 787 1420 848 contingere
1443 787 1614 850 proba-

35 867 104 917 vit
129 883 190 916 ex
223 863 492 931 Scripturi33
521 853 720 926 scilicet,
756 862 1074 913 sufficientiam
1113 863 1170 912 ad
1197 860 1398 913 honeste
1432 867 1611 916 viven-

4 948 19 957 ‘
35 944 174 1003 dum,
201 954 247 995 et
273 945 595 995 abundantiam
620 944 678 997 ad
702 941 905 991 dandum
933 943 1225 1006 pauperibus.

105 1020 228 1072 Haec
251 1024 402 1073 autem
433 1025 492 1086 ita
515 1022 762 1086 promittit,
791 1026 960 1068 utrem
986 1019 1180 1085 eleganti
1213 1020 1507 1071 similitudine
1540 1019 1605 1070 il—

29 1097 187 1149 lustret
203 1108 249 1148 et
268 1099 471 1148 suadeat.

98 1175 251 1227 Deum
268 1185 497 1243 comparat
515 1176 630 1227 hero
653 1174 889 1241 temporali
907 1193 919 1234 3
944 1174 1384 1242 eleemosynarium,
1410 1174 1600 1237 colono;

29 1253 372 1322 eleemosynam
389 1292 401 1312 ,
431 1257 613 1305 semini.

97 1334 226 1387 Sicut
249 1337 413 1398 herus,
454 1339 530 1402 qui
565 1354 649 1386 suo
684 1336 849 1385 colono
874 1355 1036 1388 semen
1071 1336 1382 1397 administrat,
1411 1336 1535 1402 quod
1555 1340 1603 1387 in

25 1427 137 1476 agro
174 1428 257 1460 suo
279 1413 507 1473 seminet,
535 1411 686 1460 eldem
722 1410 887 1461 colono
921 1413 996 1461 dat
1027 1430 1196 1478 panem
1221 1421 1267 1461 et
1290 1415 1444 1462 omnia
1476 1416 1600 1464 victu

20 1490 305 1554 necessaria3
344 1497 388 1537 et
415 1497 635 1555 praeterea
666 1492 713 1539 in
746 1498 955 1555 tempore
986 1494 1178 1554 messis,
1208 1487 1313 1540 facit
1346 1491 1470 1542 illum
1500 1510 1596 1543 suae

21 1569 186 1629 messis
217 1569 483 1634 participem
508 1587 519 1615 ε
548 1585 634 1632 qua
657 1571 997 1633 participatione
1015 1605 1029 1631 ,
1064 1568 1366 1633 multiplicatis
1393 1572 1488 1632 ejus
1512 1587 1596 1633 se·-

22 1646 248 1707 minibus‚
286 1644 419 1710 longe
453 1645 572 1711 plura
610 1648 656 1695 ’m
693 1663 815 1695 anno
847 1649 1059 1712 sequenti
1099 1655 1248 1710 potest
1284 1650 1512 1698 seminare
1549 1655 1597 1699 et

23 1729 198 1772 metere
224 1741 235 1769 :
262 1731 307 1773 et
341 1725 407 1772 sic
430 1722 648 1788 deinceps
683 1728 729 1772 in
753 1728 882 1774 annis
910 1726 1237 1792 sequentibus,
1271 1726 1332 1774 ita
1354 1733 1404 1774 ut
1425 1734 1597 1776 crescat

23 1802 268 1867 quotannis
291 1803 517 1851 seminum
544 1801 870 1867 multiplicatio.

10 1891 13 1894 ·
92 1873 160 1926 Ita
185 1874 344 1940 Deus,
378 1882 453 1944 qui
490 1879 874 1945 eleemosynario,
909 1883 1034 1947 quasi
1069 1899 1151 1932 suo
1184 1880 1375 1943 colono,
1403 1900 1586 1948 semen,

18 1944 73 2000 id
98 1959 193 2015 est,
219 1953 341 2003 bona
362 1955 625 2018 temporalia
645 1955 770 2005 dedit
800 1956 923 2020 quod
948 1960 994 2006 in
1015 1956 1323 2023 pauperibus,
1340 1974 1445 2021 agro
1474 1976 1584 2020 suu,

13 2038 188 2080 sereret
210 2049 222 2079 :
245 2030 399 2081 eidem
432 2040 478 2081 et
501 2035 640 2095 vietpi
667 2037 920 2083 necessaria
938 2036 1216 2098 proestabit,
1250 2043 1296 2084 et
1320 2037 1415 2097 ejus
1438 2035 1587 2086 facul·

17 2114 133 2158 tates
157 2106 515 2177 multiplicabit,
543 2127 652 2178 quas
675 2129 827 2160 rursus
849 2114 896 2160 in
928 2113 1077 2177 plures
1096 2117 1240 2179 possit
1276 2131 1498 2180 pauperes
1516 2116 1588 2167 di·

3 2200 230 2250 vspergere
252 2203 264 2234 ε
285 2187 440 2253 sicque
461 2189 610 2252 magis
634 2206 685 2237 ac
712 2192 856 2254 magis
876 2193 1057 2241 mereri.

87 2260 209 2314 Haec
227 2273 295 2314 est
312 2266 584 2330 similitude,
610 2268 818 2334 illiusque
834 2285 1011 2321 sensus·

84 2337 193 2391 Jam
209 2341 268 2391 ad
285 2344 451 2395 verba.

87 2420 188 2487 Qui
208 2432 365 2472 autem
393 2425 721 2486 administrat,
752 2428 799 2478 id
833 2435 928 2489 est,
954 2424 1085 2479 Deus
1102 2466 1117 2493 ,
1140 2430 1217 2494 qui
1244 2428 1407 2493 vobis,
1435 2433 1581 2481 servis

10 2499 134 2559 suiS,
175 2499 434 2565 suppeditat
470 2503 593 2554 bona
629 2522 728 2568 quae
761 2504 1031 2555 distribuatis
1062 2525 1074 2555 :
1101 2523 1182 2556 seu
1222 2508 1298 2574 qui
1335 2507 1411 2557 dat
1443 2511 1579 2558 vobis

10 2575 271 2702 sacutlltatem
298 2578 637 2652 eleemosynam
656 2581 874 2647 faciendi,
912 2593 958 2636 et
989 2585 1180 2636 aliorum
1199 2587 1400 2653 inopaim
1423 2587 1581 2639 suble-

9 2667 100 2706 Van
137 2671 166 2703 Ι.

53 2729 144 2778 'Et
160 2749 386 2796 panem...
408 2734 456 2784 id
489 2743 583 2799 est,
614 2738 784 2788 victum
812 2733 857 2791 et
877 2742 1030 2792 omnia
1050 2740 1135 2791 alia
1163 2741 1299 2792 vobis
1318 2743 1578 2793 necessaria

5 2806 150 2861 dabit.

77 2890 141 2939 Ec
157 2893 539 2959 multiplicabit...
566 2905 612 2948 et
633 2900 817 2967 insuper
838 2899 1149 2982 multiplicabit
1172 2901 1271 2955 haec
1286 2904 1411 2955 bona
1440 2911 1568 2955 tem*
