1794 3210
415 70 639 112 minax
673 68 956 110 expostam.
993 57 1111 124 Cap.
1148 54 1251 110 IV
1529 52 1637 121 433

62 130 275 202 ‘'Hanc
299 147 391 212 Dei
406 162 517 216 erga
538 158 584 200 te
603 147 868 198 charitatem
889 149 1077 206 mirare;
1099 155 1142 208 at
1163 157 1483 212 recognosce.
1502 165 1636 211 ama-

60 221 397 293 ·ttss“‚³¹redama
462 247 463 250 ¹

137 306 309 356 Estote
323 308 581 356 imitatores
607 305 728 367 Dei,
755 304 876 350 sicut
886 300 997 365 filii
1013 301 1310 362 charissimi,
1335 310 1380 350 et
1400 303 1641 352 ambulale

73 384 124 433 in
147 384 404 434 dilectione.
432 379 682 447 Ephes.5.
723 396 780 439 1,
813 398 860 428 2.

141 459 263 514 Ama
282 462 458 523 Deum,
480 468 528 509 ut
543 467 747 525 patrem3
771 472 831 508 ex
850 472 1003 507 amore
1019 456 1158 506 obedi
1178 454 1297 517 Deo,
1318 460 1466 522 ipsum
1485 475 1641 509 amore

72 538 194 590 filiali
213 539 339 597 cole;
369 536 640 626 spiritualia,
665 535 890 595 coelestia,
915 542 1117 594 aeterna,
1147 534 1327 596 divina,
1353 535 1516 600 dilige,
1549 536 1643 586 de*

73 616 269 679 sidera,
282 631 472 680 quaere,
499 616 538 663 si
559 617 668 663 vere
697 572 926 677 spirituale
947 629 1108 661 semen
1131 628 1198 661 es,

138 691 405 745 Secundum
422 710 604 744 carnem
623 694 791 758 quippe
807 693 902 741 nati
922 698 1026 741 sunt
1045 690 1283 740 dilectores
1302 690 1490 753 mundi,
1509 708 1644 741 ama-

71 776 197 824 tores
218 773 367 823 saeculi
390 770 779 822 :sed-secundum
800 771 1003 833 spiritum
1027 769 1120 816 nati
1143 775 1246 817 sunt
1263 776 1497 818 amatores
1514 770 1643 833 regni

72 851 318 912 coelorum,
353 851 592 901 dilectores
625 846 823 910 Christi,
865 847 1178 897 desiderantes
1211 849 1352 896 vitam
1391 855 1639 909 aeternam,
1636 863 1643 867 ·

71 931 209 994 graus
231 929 432 980 colentes
460 927 631 978 Deum.
654 925 703 977 S.
728 923 1007 986 Anselmus,
1037 925 1113 975 hic
1132 919 1188 979 fi·
1217 925 1299 975 28.

134 1003 222 1057 Ad
239 1012 376 1057 vetus
399 1004 748 1056 Testamentum
776 1006 1034 1069 pertinent,
1063 1010 1221 1066 utpote
1243 1002 1321 1052 filii
1345 1001 1542 1064 ancillae,
1566 970 1644 1052 di-

70 1079 265 1132 lectores
300 1081 634 1146 temporalium,
677 1081 916 1128 dilectores
952 1079 1084 1143 huJus
1118 1079 1303 1140 saeculi,
1353 1095 1640 1144 quocumque

68 1160 278 1225 tempore
293 1161 382 1208 sint
405 1159 479 1208 vel
496 1158 661 1208 fuerint
681 1157 805 1218 (sive
823 1161 869 1206 in
890 1155 1097 1207 Ecclesia
1112 1196 1125 1220 ,
1146 1162 1245 1208 sive
1267 1161 1314 1208 in
1337 1156 1607 1223 Synago'ga)
1629 1177 1639 1206 ε

67 1237 128 1287 ad
148 1253 322 1287 novum
342 1244 492 1286 autem
511 1234 885 1297 Testamentum,
905 1245 1064 1301 utpote
1087 1236 1166 1287 tilii
1188 1237 1348 1289 liberae
1364 1274 1378 1301 ,
1405 1237 1646 1288 dilectores

71 1322 257 1365 aeternae
282 1317 404 1364 vitae.
437 1313 568 1364 Idem
596 1313 645 1365 S.
671 1312 938 1365 Anselmus.

139 1390 341 1445 Consule
363 1413 442 1445 cor
467 1404 595 1445 tuum
612 1433 625 1457 ,
649 1404 695 1444 et
717 1394 825 1445 vide
848 1394 958 1460 quid
985 1394 1154 1460 diligas·

737 1557 844 1602 QUA
853 1545 971 1592 ΒΤὸ.

141 1681 316 1751 Collige
340 1702 401 1735 ex
438 1684 508 1751 Jff.
536 1705 628 1756 29,
661 1695 706 1737 ct
740 1686 864 1737 disce
890 1687 1112 1754 quomodo
1136 1695 1297 1737 lune...
1328 1687 1396 1734 ita
1430 1695 1477 1736 et
1501 1706 1647 1743 nunc.

70 1761 245 1826 Disce,
273 1767 458 1826 inquam
477 1802 490 1827 ,
518 1765 640 1832 quod
662 1765 752 1815 hoc
780 1784 908 1813 nunc
936 1782 1079 1829 usque
1106 1764 1164 1813 ad
1188 1765 1327 1815 finem
1357 1766 1514 1816 mundi
1545 1766 1641 1816 du·-

67 1843 216 1900 rabit·,
257 1858 438 1907 semper
472 1845 520 1891 in
573 1842 660 1891 hac
694 1845 785 1891 vita
821 1861 923 1893 caro
957 1851 1001 1891 et
1037 1844 1215 1909 spiritus
1250 1843 1640 1903 adversabuntur;

70 1940 254 1988 semper
277 1922 476 1972 carnales
496 1931 543 1973 et
565 1924 812 1988 spirituales
839 1932 1129 1990 opponentur
1150 1945 1163 1985 ς
1189 1942 1369 1992 semper
1388 1926 1500 1991 boni
1526 1944 1640 1993 per-

67 2002 354 2051 secutionem
378 2002 619 2066 patientur.

140 2080 315 2128 Omnes
342 2082 422 2143 qui
441 2080 518 2141 ρῐὲ
550 2080 712 2129 volunt
741 2081 887 2130 vivere
909 2082 959 2130 in
988 2080 1174 2129 Christo
1194 2081 1336 2144 Jesa,
1357 2086 1643 2146 persecutio-

69 2170 176 2203 nem
198 2156 454 2219 patientur.
478 2173 528 2205 2.
558 2153 686 2205 Tim.
713 2153 762 2205 3.

139 2227 251 2281 Hoc
273 2231 511 2295 figuratum
533 2231 616 2281 suit
644 2235 691 2282 in
715 2230 839 2283 Isaac
864 2252 875 2282 ε
896 2235 1038 2298 ipsius
1057 2233 1115 2282 ab
1141 2231 1336 2284 Ismaele
1359 2234 1632 2300 persecutio,

69 2307 212 2373 figura
242 2305 325 2356 sui-t
359 2311 752 2371 persecutionum,
791 2328 900 2376 quas
925 2310 1003 2359 filii
1038 2307 1127 2360 Dei
1151 2313 1323 2375 passuri
1347 2322 1452 2364 sunt
1481 2318 1506 2363 a
1537 2315 1640 2365 filiis

67 2383 314 2436 hominum
338 2401 349 2431 ι
372 2386 597 2450 quomodo
625 2396 786 2438 tunc...
813 2390 881 2436 ila
913 2398 958 2436 et
979 2406 1122 2438 nunc.

138 2458 258 2512 Haec
278 2464 410 2526 igitur
426 2465 588 2513 veritas
609 2467 635 2512 a
654 2483 940 2531 quocumque
959 2466 1106 2531 probo
1124 2475 1169 2516 et
1187 2469 1267 2533 pio
1284 2466 1459 2518 sortiter
1475 2485 1639 2535 appre-

68 2539 335 2602 hendenda,
357 2548 402 2589 et
417 2542 463 2589 in
473 2545 623 2591 animo
641 2543 829 2593 firmiter
845 2544 1155 2608 insculpenda.
1175 2544 1298 2597 Sciat
1312 2550 1460 2597 omnis
1479 2547 1640 2601 Chris·

68 2624 214 2673 tianus
232 2620 312 2670 hic
335 2638 428 2670 non
452 2639 554 2673 esse
577 2627 698 2691 pacis
721 2632 766 2674 et
785 2627 945 2690 quietis
965 2625 1142 2686 locum;
1170 2636 1212 2677 at
1234 2630 1495 2680 recordetur
1512 2639 1638 2682 tem-

67 2700 289 2768 poralem·
309 2704 675 2766 persecutionem
711 2712 896 2754 aeternae
924 2706 1045 2768 pacis
1075 2712 1120 2755 et
1146 2708 1308 2770 quietis
1337 2706 1640 2760 arrhabonem
1697 2722 1701 2726 ’

65 2793 185 2831 esse.
210 2779 352 2828 Beati
381 2781 463 2845 qui
482 2786 843 2845 persecutionem
870 2783 1163 2847 patiuntur...
1187 2786 1637 2852 quoniam'''1‘psorum

62 2865 181 2910 ests..
203 2858 272 2920 jus
295 2856 468 2909 habent
492 2859 549 2909 ad
568 2860 675 2910 illud
694 2899 708 2927 ,
734 2870 778 2912 et
798 2862 855 2912 ad
881 2878 959 2912 eos
982 2864 1197 2928 pertinet.

323 2941 402 2978 ιιι.
1403 2952 1463 3003 19
