1794 3210
395 124 405 129 -
450 95 664 142 ramex
692 103 974 142 ExmstTJO.
1015 90 1131 157 Cap.
1171 87 1264 143 VI.
1346 153 1361 167 .
1561 89 1667 153 463

1453 242 1708 281 'a‘

383 438 765 498 ANALYSIS
804 440 1107 497 CAPITIS
1143 442 1361 496 SEXTI.

104 590 358 683 OMNths
377 636 422 680 in
448 654 614 698 genere
629 637 898 684 charitatem
924 638 1180 700 Apostolus
1199 638 1435 684 consuluit
1457 640 1503 685 in
1523 643 1664 702 quin-

97 706 147 744 to
170 696 320 758 capite
336 732 347 750 ,
371 704 418 744 ᾗ.
442 700 519 757 ¹33
541 699 618 744 hic
636 699 682 743 in
707 700 873 761 specie.

160 761 230 803 Ac
253 758 402 818 primo
437 773 572 804 versu
609 762 845 821 praelatos,
880 759 1167 821 spirituales,
1189 760 1236 805 in
1273 760 1362 806 fide
1396 766 1663 806 constantes

101 816 384 871 hortatur·ut
403 819 557 883 lapsos
579 821 779 882 benigne
802 823 1034 880 corrigant
1053 855 1063 872 ,
1086 831 1130 866 et
1159 838 1262 867 cum
1286 820 1552 867 humilitate
1574 819 1663 865 eri-

101 887 239 940 gant,
258 895 482 926 memores
508 899 604 927 suze
629 882 828 944 propriae
857 881 1148 926 infirmitatis.
1495 930 1505 938 ν

161 947 210 988 ὴ.
231 954 275 984 2.
303 940 400 985 Illis
421 943 776 1003 compatiantur.
803 949 856 991 it.
877 948 919 988 3.
953 942 1046 986 Nec
1075 943 1133 986 ob
1167 941 1363 987 aliorum
1392 941 1584 993 delicta,
1611 948 1663 986 ut

98 998 370 1054 Pharisaeus,
389 1002 477 1063 ipsi
494 1003 780 1064 superbiant,
804 1009 852 1050 31.
867 1003 940 1059 45.
958 1002 1048 1046 Sed
1066 1002 1125 1047 ob
1145 1019 1331 1048 suorum
1351 1013 1658 1063 peccatoium

102 1076 223 1107 onus
250 1078 404 1106 coram
426 1065 518 1108 Deo
541 1062 692 1121 judice
722 1063 1001 1121 portandum
1021 1096 1032 1113 ‚
1057 1073 1304 1108 trementes
1340 1062 1657 1108 humilientur.

161 1128 213 1168 ὴ.
247 1121 288 1166 6.
312 1123 589 1183 Neophytos
612 1122 823 1167 hortatur
839 1156 851 1175 ,
880 1129 927 1167 ut
953 1138 1057 1182 erga
1080 1125 1299 1169 Doctores
1322 1140 1430 1168 suos
1455 1123 1661 1169 liberali*

98 1188 194 1225 tate
226 1181 555 1242 gratitudinem
573 1182 789 1230 habeant.

25 1296 27 1299 Α
162 1247 216 1289 ᾗ.
255 1242 298 1289 8..
329 1241 508 1288 Omnes
543 1243 774 1288 seminent
806 1243 951 1295 bona,
978 1251 1026 1286 ut
1049 1243 1189 1289 vitam
1215 1253 1435 1289 aetcrnam
1462 1251 1659 1288 metant:

99 1308 152 1351 v.
178 1314 220 1359 9.
249 1302 305 1346 In
334 1302 461 1348 bono
497 1303 710 1348 faciendo
746 1321 841 1348 non
878 1319 1215 1364 segnescamus.
1259 1312 1307 1351 51.
1336 1319 1406 1348 10.
1429 1303 1521 1349 Sed
1547 1303 1657 1348 dum

100 1368 284 1423 tempus
302 1373 372 1408 est
390 1364 676 1416 seminandi,
698 1365 758 1408 ob
777 1380 902 1425 spem
932 1367 1114 1416 messis,
1138 1367 1352 1427 prompte
1379 1374 1422 1409 et
1449 1365 1660 1410 alacriter

101 1423 321 1468 omnibus
339 1457 351 1476 ,
367 1435 412 1469 at
433 1426 669 1486 praecipue
690 1425 900 1470 fidelibus
917 1425 1274 1470 benefaciamus.

120 1538 127 1543 -
164 1490 216 1546 ὴτ.
255 1501 322 1528 11.
361 1485 525 1530 Paulus
562 1484 821 1547 Epistolam
858 1485 1095 1538 finiturus,
1131 1486 1290 1546 paucis
1335 1494 1659 1546 argumentum

97 1535 359 1648 grincipale
394 1545 454 1591 de
484 1546 581 1603 lege
611 1563 716 1591 cum
751 1544 1011 1606 Evangelio
1044 1563 1140 1590 non
1166 1546 1428 1597 miscenda,
1450 1545 1660 1591 resumit.

144 1615 247 1665 rget
276 1622 384 1666 ergo
408 1607 595 1652 Galatas
627 1607 652 1650 ὲ
683 1607 888 1652 moribus
927 1624 1156 1653 novorum
1192 1607 1466 1662 doctorum,
1501 1607 1658 1666 eisque

95 1665 575 1728 ostenditqualessint
594 1667 658 1711 illi
677 1668 907 1719 doctores,
923 1677 969 1711 et
987 1685 1078 1727 quo
1099 1668 1254 1711 animo
1273 1667 1435 1728 legalia
1446 1666 1661 1721 doceant,

100 1723 304 1794 scilicet,
328 1739 378 1773 ut
410 1727 583 1774 Judaeis
618 1727 858 1790 placeant,
882 1737 926 1772 et
963 1739 1012 1773 ut
1051 1729 1422 1790 persecutionem
1455 1744 1553 1772 non
1576 1744 1658 1788 pa-

101 1795 290 1831 uantur.

162 1852 214 1893 ir.
244 1848 311 1906 14.
337 1848 504 1894 Paulus
531 1866 580 1895 se
612 1865 811 1909 suosque
843 1865 994 1894 mores
1034 1849 1199 1895 horum
1241 1848 1659 1910 pseudoapostolo·

99 1922 202 1952 rum
217 1909 419 1955 moribus
433 1911 635 1973 opponit
650 1909 742 1954 :itti
764 1909 1028 1954 hominibus
1049 1910 1226 1971 placere
1254 1911 1444 1955 student
1466 1943 1478 1963 ,
1496 1908 1660 1955 Paulus

99 1965 275 2029 despici
309 1971 506 2031 gandet3
540 1971 610 2017 illi
639 1971 1007 2032 persecutionem
1040 1971 1253 2032 fugiunt,
1288 1970 1454 2016 Paulus
1485 1971 1537 2016 in
1560 1969 1661 2016 sola

99 2043 235 2074 cruce
249 2029 483 2089 gloriatur.

162 2095 214 2136 11.
257 2092 326 2143 15.
351 2092 514 2142 Totius
556 2091 779 2153 Epistolae
817 2091 1112 2139 corollarium
1156 2093 1280 2137 lacit.
1316 2099 1368 2138 v.
1410 2092 1478 2136 16.
1509 2093 1659 2153 Cujus

101 2147 363 2196 doctrinam
385 2153 737 2199 observantibus
766 2169 922 2214 pacem
943 2163 1073 2213 optat
1090 2163 1135 2197 et
1159 2152 1535 2198 misericordiam.

166 2215 217 2256 ὴ.
246 2225 326 2266 ¹7*
341 2213 505 2259 Paulus
543 2231 638 2259 non
673 2211 773 2258 vult
797 2213 886 2257 sibi
923 2213 1145 2275 deinceps
1180 2231 1456 2274 quemquam
1479 2213 1540 2258 ob
1570 2212 1659 2258 cir-

101 2270 433 2317 cumcisionem
459 2291 617 2335 parere
634 2272 892 2318 molestiam
915 2293 924 2317 ε
949 2274 1052 2334 (uia
1078 2275 1113 2318 si
1133 2291 1234 2334 qua:
1258 2285 1367 2319 sunt
1390 2276 1438 2320 in
1460 2289 1656 2334 corpore

103 2329 335 2379 cicatrices
370 2333 595 2388 ferendae,
625 2335 721 2396 ipse
757 2333 846 2379 fert
875 2335 1087 2393 stigmata
1122 2335 1308 2381 Domini
1349 2334 1496 2382 nostri
1543 2334 1658 2380 Jesu

102 2389 382 2444 Christi,seu
400 2394 556 2456 plagas
572 2411 653 2455 pro
671 2393 855 2439 Christo
881 2395 1111 2441 toleratas,

164 2447 222 2506 ψ.
255 2454 324 2498 18.
344 2455 554 2502 Gratiam
575 2454 751 2499 Galatis
766 2465 912 2516 optat.
