1754 3210
9 140 12 142 ,
377 90 608 130 Tarum<
627 86 914 126 Exposlrro.
939 69 1057 135 Cap.
1099 68 1126 118 1
1134 64 1201 118 V.
1220 139 1236 145 ἃ
1508 61 1572 114 81

8 158 51 238 ’,ᾖ
74 171 144 221 sui
158 167 294 232 facie,
317 165 442 218 vetut
459 164 658 230 imagine
674 199 688 226 ,
709 161 827 231 lucet
850 177 862 208 z
889 158 986 224 Qui
1006 158 1134 209 videt
1151 175 1245 221 me,
1266 155 1394 207 videt
1410 162 1455 203 et
1473 148 1576 204 Pa-

0 259 4 299 ¹.
42 259 44 262 ’
84 267 150 298 m.
212 273 214 275 >

2 256 303 390 ,nztlnfhcaea
322 308 430 388 Syr.
449 322 497 370 in
517 333 711 384 persona
741 312 855 364 Jesu
878 307 1049 361 Christi
1069 328 1080 368 ;
1111 309 1156 358 id
1178 317 1271 367 est,
1311 325 1403 372 quo
1424 305 1576 356 officio

0 407 239 473 *fungimur
262 407 310 455 in
333 418 527 470 persona
551 396 748 461 Christi,
781 400 884 447 vice
910 400 955 443 et
976 395 1168 443 nomine
1194 388 1394 454 Christi,
1427 406 1507 439 seu
1526 396 1578 441 ut

0 483 144 551 ‘iegati
170 481 356 534 Christi.
856 486 860 488 “

81 560 226 620 Juxta
251 563 453 608 nostram
471 550 739 618 Vulgatam3
763 570 897 618 quam
922 557 1172 617 sequuntur
1198 544 1263 596 D.
1288 542 1580 610 Chrysosto-

10 655 114 691 mus
133 645 177 687 et
202 631 584 699 Theophylactus
601 667 614 690 ‚
635 626 878 692 insacia...
898 630 946 679 id
966 636 1033 679 est
1052 632 1131 690 ‚ut
1149 626 1454 676 illuminemus
1470 621 1580 671 alios

5 715 200 769 scientia
220 714 373 781 gloriae
395 710 515 773 Dei,
539 719 588 760 ut
610 718 799 775 apparet
818 711 862 758 in
880 705 1062 758 Christo
1080 743 1094 768 ‚
1120 723 1200 755 seu
1221 721 1300 771 per
1319 699 1577 762 Christum,
1660 762 1698 771 Ἣ

10 797 74 846 ait
101 789 517 858 Theophylactus‚
544 804 626 853 per
650 803 790 854 quem
821 785 941 836 lucet
969 789 1017 836 in
1052 785 1188 833 nobis
1223 778 1379 831 Pater.
1407 781 1504 845 Ego
1538 788 1584 829 tc

13 870 285 936 clarificavi
302 874 437 932 super
456 875 643 915 terram.

259 998 594 1056 osseum-rio
631 994 936 1048 LrT·rEnA1,1'.5
971 1011 1036 1045 m*
1069 1009 1315 1046 moruus.

86 1142 263 1194 Sicut-e
288 1142 492 1192 tenebris
524 1141 680 1206 abyssi
712 1137 790 1188 lux
823 1137 985 1187 educta
1019 1135 1133 1198 suit,
1165 1143 1213 1185 ut
1235 1131 1399 1184 Deum·
1423 1135 1478 1213 in.
1491 1135 1584 1183 suis

14 1226 231 1276 creaturis
262 1222 549 1279 videremu3‚
573 1223 634 1269 ita
655 1223 680 1268 ὲ
705 1219 908 1269 tenebris
933 1216 1045 1281 legis
1075 1216 1153 1266 lux
1177 1215 1468 1280 evangelica,
1501 1232 1583 1264 seu

13 1311 173 1363 iumen
191 1309 328 1371 fidei,
347 1317 396 1358 ut
413 1305 568 1358 Deum
585 1309 632 1357 in
646 1302 831 1356 Christo
847 1342 860 1368 ‚
876 1302 957 1354 sua
975 1301 1346 1368 consubstantiali
1364 1302 1581 1367 imagine,

22 1390 299 1440 videremus

88 1464 199 1530 Quo
217 1463 426 1515 Christus
442 1465 652 1512 creaturis
670 1450 913 1527 perfectior
934 1468 1003 1509 est
1022 1461 1171 1522 imago
1189 1453 1309 1518 Det,
1338 1460 1393 1507 eo
1414 1465 1458 1508 et
1478 1474 1586 1523 per-

14 1543 189 1596 fectior
208 1550 276 1591 est
293 1538 384 1590 Dei
404 1541 452 1588 in
474 1537 658 1590 Christo
683 1539 882 1602 cognitio
904 1539 1039 1603 quam
1060 1537 1108 1584 in
1135 1537 1371 1586 creaturis,

4 1674 10 1684 ,
83 1610 236 1682 Hujus
258 1626 413 1667 autem
442 1617 549 1666 {ucis
573 1619 798 1680 originem
822 1623 947 1664 nota.

80 1692 212 1747 Deus
230 1701 357 1761 pater
379 1693 623 1743 hominum
644 1691 836 1757 sonsque
855 1690 1037 1739 luminis
1062 1696 1147 1739 est.

81 1768 288 1821 Christus
311 1770 467 1819 lumen
489 1768 548 1818 de
583 1768 776 1830 lumine,
800 1770 826 1817 a
853 1763 991 1816 Patre
1028 1765 1254 1816 lumtnum
1290 1767 1507 1831 genitus,
1536 1771 1588 1829 ut

10 1850 185 1904 lumen.

83 1925 298 1977 Christus
317 1926 477 1976 lumen
499 1925 557 1975 de
578 1925 750 1976 lumine
766 1963 778 1987 ‚
798 1941 904 1974 suos
925 1922 1167 1988 discipulos
1186 1931 1232 1973 et
1258 1920 1506 1989 Apostolos
1527 1921 1589 1971 it-

18 2003 290 2059 lumina'vit3
315 2010 359 2051 et
383 2018 471 2067 per
505 2010 656 2051 eos-et
687 2002 866 2051 itlorum
895 2017 1180 2051 successores
1216 1998 1508 2060 illuminavit,
1543 2004 1592 2047 et

0 2078 164 2147 >pergit
182 2079 439 2129 illuminare
467 2079 710 2130 mundum.

86 2155 212 2209 Sicut
239 2166 391 2219 autem
414 2157 489 2207 lux
513 2162 539 2207 a
562 2155 668 2208 Deo
690 2166 838 2208 creata
865 2165 931 2206 est
959 2158 1017 2207 ad
1052 2157 1327 2221 lucendum,
1351 2161 1411 2209 ita
1439 2154 1584 2224 Apo-

3 2236 146 2298 stoli,
172 2253 425 2302 omnesque
445 2235 710 2302 apostolici,
736 2254 818 2287 seu
841 2238 887 2285 in
910 2236 1160 2300 apostolico
1182 2253 1373 2286 munere
1398 2253 1588 2299 succes-
1639 2278 1643 2279 γ

0 2320 3 2324 ’
28 2332 182 2376 sores,
209 2314 266 2362 ad
288 2312 649 2363 illuminandum.

88 2402 315 2455 Attendat
339 2422 445 2470 ergo
462 2406 550 2455 sibi
579 2408 651 2455 vir
671 2404 943 2471 apostolicus
962 2442 976 2467 ‚
1004 2411 1050 2454 et
1071 2407 1117 2454 in
1137 2422 1186 2455 se
1208 2406 1316 2455 etin
1340 2421 1476 2470 opera
1501 2419 1580 2452 sua

20 2482 248 2544 reflexus,
281 2483 432 2534 videat
465 2483 702 2550 quomodo
727 2482 833 2533 huie
866 2482 1035 2533 divinae
1058 2500 1164 2548 erga
1187 2500 1237 2534 se
1259 2483 1480 2533 voluntati
1507 2498 1589 2532 re-

21 2562 261 2627 spondeat.

89 2645 170 2699 An
190 2649 306 2698 lucet
327 2649 372 2696 in
392 2649 476 2699 se?
494 2665 551 2696 an
570 2647 680 2697 alios
702 2638 920 2698 illuminat
950 2648 1177 2698 doctrinae
1204 2657 1247 2698 et
1271 2647 1590 2712 exemplorum

27 2742 212 2776 suorum
233 2725 406 2775 lumine
421 2725 443 2770 ἲ
468 2743 525 2774 an
545 2722 699 2776 Deum
719 2726 928 2775 clarificat
955 2728 1317 2791 superterram?

90 2808 457 2878 Recordeturssse
479 2816 706 2867 lucernam
741 2835 879 2882 super
914 2818 1239 2869 candelabrum
1278 2821 1508 2887 positam,
1543 2826 1592 2870 ut

26 2889 170 2940 luceat
190 2893 404 2942 omnibus
426 2895 502 2957 qui
530 2895 577 2942 in
601 2893 741 2943 domo
763 2891 854 2944 Dei
878 2903 1011 2955 sunt.-
