1794 3210
24 18 33 44 ἵ
426 74 653 113 τιιιινιεκ
687 73 980 111 exposrrm.
1023 58 1138 123 Cap.
1175 58 1216 108 I.
1513 53 1613 108 335

13 128 237 211 :aff-&Nos
263 136 492 219 ipsisqui
521 149 672 201 Judaei
699 147 920 199 naturales
941 184 954 207 ,
991 164 1070 197 seu
1097 152 1120 196 a
1162 148 1395 197 nativitate
1425 163 1580 196 sumus
1597 183 1610 207 ‚

7 274 21 309 :,
40 235 54 291 'J
121 249 152 283 n
175 230 391 298 proselyti
417 246 477 280 ex
500 225 728 279 Gentibus
749 224 965 275 infideles
989 231 1033 273 et
1057 223 1302 274 idololatrae
1330 227 1422 274 nati
1438 261 1453 285 ‚

122 381 331 436 Scientes
361 392 515 435 tamen
539 380 659 448 quod
683 397 742 429 ex
769 380 984 443 operibus
1006 379 1117 443 legis
1146 375 1367 428 Mosaicae
1395 397 1490 429 non
1508 382 1608 443 jus-

52 463 249 514 tificatur
263 449 433 524 horno,
457 459 620 522 justitia
641 460 855 509 nimirum
877 460 1120 523 spirituali,
1143 457 1316 508 interna
1336 495 1349 520 ‚
1374 466 1419 507 et
1449 459 1507 508 ad
1528 463 1606 510 vi-

57 551 152 594 tam
172 553 385 594 aeternam
410 544 663 607 pertinente
683 558 694 599 ;
721 539 802 589 sed
819 557 899 604 per
918 540 1058 588 fidem
1076 543 1122 589 in
1145 537 1306 589 Jesum
1334 534 1571 589 Christum
1592 561 1603 598 ;
1672 592 1674 596 ,

53 635 140 670 nos
153 657 167 680 ‚
184 621 390 684 inquam,
407 617 564 667 relicto
580 621 685 667 vitae
704 633 872 681 genere
895 619 940 665 in
964 634 1053 681 quo
1070 619 1159 666 nati
1181 627 1223 667 et
1243 616 1418 668 edueati
1435 634 1605 674 sumus,

0 662 4 763 Ι
49 698 117 750 ad·
131 695 364 750 Christum
387 699 693 765 confugimus,
726 697 1200 763 christianismumque
1220 702 1497 764 suscepimus
1526 718 1536 747 ε
1565 706 1614 748 ut

0 766 18 813 s
50 793 135 846 per
154 775 298 827 fidem
320 779 364 826 in
389 771 628 826 Christum
645 812 659 836 ‚
681 777 895 837 justitiam
914 792 1295 839 consequeremur
1311 814 1321 834 ,
1351 794 1448 841 quae
1472 779 1611 826 vitam

0 818 2 888 >
47 870 206 906 secum
229 854 361 905 trahit
383 863 625 915 aeternam,
656 861 702 902 et
728 855 863 918 quam
885 854 959 903 lex
983 857 1155 903 nemini
1180 855 1382 905 contulit.

118 988 169 1041 Si
190 1007 299 1055 ergo
323 997 583 1054 quaerentes
613 986 855 1052 perfidem
888 987 934 1035 in
961 983 1191 1036 Christum
1223 989 1479 1051 justificari,
1510 996 1603 1041 n'on

0 1110 1 1116 ,
45 1084 204 1119 sumus
225 1071 381 1117 revera
398 1064 648 1127 justificati,
673 1061 754 1112 sed
774 1067 965 1120 {contra
983 1100 994 1121 ‚
1027 1062 1128 1112 farti
1154 1082 1307 1113 sumus
1336 1068 1604 1130 praevarica—

0 1170 17 1186 κ·
45 1150 199 1203 tores,
230 1144 332 1207 quja
355 1142 566 1189 nimirum
589 1139 736 1203 legem
769 1136 1017 1188 Mosaicam
1049 1139 1355 1196 deseruimus3
1391 1158 1492 1204 quae
1524 1149 1604 1191 ta·-

12 1272 15 1274 ,
45 1235 155 1271 men
171 1256 184 1282 ‚
206 1228 252 1269 ut
275 1220 408 1268 vobis
428 1217 793 1284 pseudoapostoli
815 1215 1060 1282 praedicaut
1074 1254 1087 1277 ‚
1107 1219 1358 1266 necessaria
1379 1228 1445 1266 est
1462 1218 1517 1267 ad
1534 1236 1607 1267 sa-

44 1293 218 1352 lutem3

115 1369 288 1422 Nonne
315 1371 515 1434 sequitur
539 1368 679 1430 inde,
705 1368 829 1434 quod
847 1376 913 1417 est
941 1366 1220 1416 horrendum
1254 1368 1399 1429 dit-tu,
1432 1365 1602 1418 Chris-

40 1454 139 1498 tum
173 1462 275 1496 esse
302 1453 532 1494 auctorem
564 1453 610 1494 et
642 1447 899 1495 ministrum
933 1446 1128 1509 peccati.
1160 1452 1315 1509 utpote
1344 1449 1418 1509 qui
1452 1445 1599 1508 legem

18 1521 292 1587 *Mosaicam
314 1523 579 1587 abrogavit,
603 1531 651 1572 ut
673 1522 819 1586 legem
846 1521 1155 1588 evangelicam
1182 1523 1362 1573 doceret
1382 1525 1439 1572 ad
1458 1525 1599 1586 justi-

39 1603 270 1664 ficandum
293 1619 389 1651 non
414 1602 717 1652 sufficientem
733 1602 755 1644 Ῥ

109 1680 176 1734 At
208 1680 491 1748 impossibi'e
529 1682 651 1749 quod
683 1679 890 1732 Christus
923 1685 979 1732 sit
1000 1690 1160 1732 auctor
1191 1685 1392 1748 peccati3
1422 1700 1530 1749 ergo
1555 1692 1600 1734 et

41 1761 164 1828 quod
185 1763 270 1828 ipsi
294 1760 556 1810 obediendo
582 1759 686 1810 sacti
711 1763 850 1810 simus
873 1763 1268 1826 praevaricatores;

111 1894 334 1960 Quinimo
367 1900 405 1948 si
430 1899 577 1962 legem
603 1894 855 1946 Mosairam
877 1933 887 1957 ,
915 1913 1048 1961 quam
1074 1897 1312 1960 abrogavi,
1335 1898 1496 1945 iterum
1521 1897 1595 1945 in·

32 1984 209 2039 omaro,
230 1980 327 2027 sIve
343 1977 445 2027 mea
468 1977 812 2042 praedicatione,
831 1978 931 2026 sive
950 1974 1260 2035 observantia,
1287 1992 1373 2039 ego
1395 1993 1469 2024 me
1483 1975 1592 2039 legis

33 2056 428 2122 praevaricatorem
454 2055 695 2102 constituo.

103 2185 340 2253 Siquidem
359 2189 445 2253 legi
468 2187 682 2248 credens,
706 2187 855 2251 legem
875 2186 1080 2247 deserui,
1109 2195 1154 2236 et
1176 2186 1232 2235 ad
1256 2182 1487 2235 Christum
1511 2202 1594 2236 ac-

32 2268 176 2323 cessi;
206 2265 293 2329 legi
315 2275 517 2315 mortuus
540 2283 640 2315 sum
657 2301 670 2326 ‚
710 2273 756 2314 ut
781 2281 862 2329 per
895 2259 1127 2313 Christum
1152 2262 1259 2314 Deo
1284 2265 1438 2312 vivam
1463 2281 1474 2311 ε
1496 2266 1592 2328 ipsa

33 2344 159 2394 enim
179 2340 254 2390 lex
279 2340 391 2390 mihi
412 2338 647 2410 ,Christum
667 2379 680 2404 ‚
707 2349 754 2390 ut
779 2341 916 2390 finem
943 2358 1072 2389 suum
1102 2343 1398 2398 monstravit;
1426 2340 1483 2389 ad
1509 2343 1588 2405 ip-

29 2435 132 2471 sum
156 2436 259 2479 me,
290 2407 414 2484 quasi
452 2434 614 2478 manu,
642 2418 769 2467 duxit
808 2437 817 2465 ε
850 2418 906 2466 ad
933 2417 1050 2466 illam
1087 2434 1194 2481 ergo
1219 2416 1404 2466 rediens
1430 2424 1586 2466 contra

29 2493 145 2547 illius
167 2495 417 2554 intentum,
444 2493 554 2541 illius
584 2495 892 2558 praevaricator
914 2495 1088 2543 fierem.

102 2567 245 2633 Quod
274 2573 311 2619 si
339 2587 507 2635 quaeras
527 2579 532 2587 '
549 2570 780 2637 quomodo
806 2570 894 2635 tegi
918 2577 1139 2629 mortuus,
1169 2566 1274 2618 Deo
1298 2571 1483 2628 vivam;
1507 2587 1583 2620 re-

28 2648 267 2713 spondeo,
297 2665 376 2713 per
398 2645 681 2713 Baptismum
707 2643 890 2698 Christo
911 2646 1242 2696 concrucifixus
1265 2662 1382 2695 sum.

97 2780 276 2831 Christo
297 2784 446 2847 itaque
464 2780 672 2830 confixus
691 2817 704 2840 ,
730 2783 906 2847 ipsique
926 2782 1084 2829 insitus
1100 2815 1114 2842 ,
1139 2779 1275 2844 ipsius
1298 2779 1438 2827 vitam
1460 2778 1586 2842 quasi

25 2875 199 2926 exsugo
219 2879 230 2909 ε
251 2849 360 2910 hinc
381 2864 487 2911 vivo
506 2858 599 2912 vita
617 2860 829 2927 spirituaii
849 2866 895 2910 et
912 2856 1091 2920 divina,
1115 2875 1211 2908 non
1231 2874 1317 2924 ego
1336 2894 1349 2920 ,
1372 2873 1470 2908 non
1487 2873 1580 2908 ve*
