1794 3210
379 77 608 116 τιιιηιιιι
643 74 936 112 Exeosrno.
972 59 1090 128 Cap.
1123 22 1278 109 xm*
1513 53 1609 125 287

73 145 370 219 Apostolos
391 152 553 200 mirare
577 157 623 199 et
643 164 872 206 reverere,
892 147 1126 209 utriusque
1144 146 1254 195 vitae
1279 133 1482 206 Christi,
1489 141 1614 190 inlit-

7 243 171 289 mae,
217 227 418 286 scilicet,
452 234 498 274 et
539 225 899 290 omnipotentis;
939 220 1120 270 humilis
1155 227 1200 270 et
1233 218 1447 284 gloriosae
1477 215 1612 268 simul

51 305 324 374 panicipes·
339 304 533 354 intirmae
555 301 743 367 quidem
766 307 810 348 et
835 298 1038 348 mortalis
1058 313 1140 363 per
1167 298 1402 363 passiones
1426 304 1471 345 et
1493 310 1609 346 con·

8 422 9 425 η
48 384 200 449 Quas
231 382 625 448 persecutiones·
655 377 867 443 gloriosae
902 382 1056 424 autem
1088 381 1134 424 et
1166 371 1491 438 omnipotentis
1527 389 1610 440 per

46 461 366 513 miraculorum
378 459 649 525 potentiam.

115 533 193 586 Tu
215 540 325 585 vero
350 541 559 599 peccator
581 530 714 580 stude
733 538 777 580 et
800 546 969 580 conare
986 567 1000 592 ‚
1023 516 1105 595 per
1131 528 1477 592 poenitentiam,
1501 542 1608 590 par-

47 614 214 684 ticeps
210 619 257 660 et
272 613 471 669 imitator
489 624 592 657 esse
612 609 718 656 vitae
742 607 952 670 patientis
988 602 1194 668 Christi,
1214 610 1264 653 ut
1289 604 1336 653 in
1357 603 1607 652 aeternitate

46 690 113 752 555
129 689 351 754 particeps
374 685 583 751 gloriosae
603 681 771 733 Christi
794 685 922 733 vitae.

114 758 172 818 Ῠ.
190 765 239 815 5.
282 765 330 813 V
327 765 595 827 osmettpsos
617 772 823 813 tentate.

91 873 94 876 <
116 839 253 892 Dixit.
274 841 341 906 ss.
366 841 397 891 3
414 879 426 902 ,
453 860 516 889 an
557 843 924 907 experimentum
949 839 1155 904 quoeritis
1195 838 1227 888 ,Ρ
1249 874 1300 889 ...
1336 836 1415 886 hle
1438 853 1501 886 ne
1526 834 1608 886 lale

49 928 251 986 quaerant
277 922 673 984 experimentum,
704 936 784 968 eos
817 918 874 967 ad
895 918 1126 982 propriam
1145 917 1332 966 remittit
1355 915 1610 981 experien-

46 1000 183 1059 tiam,
213 999 338 1063 quasi
366 995 569 1048 diceret·
615 1042 617 1045 .

122 1072 248 1137 Quid
275 1080 476 1124 nostram
494 1070 627 1121 vultis
655 1076 827 1118 tentare
849 1076 1146 1134 potestatem.
1167 1076 1213 1117 et
1236 1075 1388 1118 vestro
1410 1065 1608 1132 periculo

53 1149 251 1218 experiri
276 1167 386 1200 ιιιιιιι
408 1146 615 1207 Christus
632 1146 833 1197 habitet
821 1166 866 1197 ιιι
882 1148 1047 1198 nobis?
1069 1145 1127 1197 V
1120 1148 1388 1210 osmetrpsos
1409 1155 1606 1206 tentate,

51 1227 278 1297 etviclete
306 1244 398 1294 per
422 1228 652 1293 propriam
695 1228 1023 1292 experientiam
1056 1231 1282 1285 vestram,
1322 1240 1381 1273 an
1404 1219 1610 1272 Christus

49 1322 131 1371 per
153 1323 279 1356 suam
302 1306 554 1372 potentiam
570 1303 775 1352 habitet
765 1321 811 1351 ιιι
831 1303 1018 1353 ecclesia
1040 1311 1206 1352 vestra.

118 1371 256 1443 Tunc
279 1384 496 1448 temporis
523 1380 652 1442 multi
684 1379 841 1429 fideles
860 1418 874 1444 ‚
900 1389 1063 1446 praeter
1097 1377 1380 1445 Apostolos,
1400 1375 1611 1428 miracula

49 1461 307 1522 faciebant,
333 1462 393 1509 ait
416 1456 477 1509 D.
498 1455 868 1524 Chrysostomus.

88 1582 89 1586 ,
118 1535 272 1602 ⁴Quod
291 1539 327 1587 si
352 1545 502 1587 autem
536 1537 581 1584 in
604 1535 766 1594 vobis,
804 1552 884 1584 seu
907 1538 953 1584 in
977 1534 1165 1585 ecclesia
1192 1542 1342 1584 vestra
1361 1570 1374 1594 ‚
1401 1529 1608 1583 Christus

22 1617 122 1684 'sic
159 1613 362 1678 habitat,
390 1612 532 1663 multo
567 1615 711 1675 magis
745 1612 794 1659 in
820 1607 1044 1677 Apostolo
1084 1617 1135 1661 et
1178 1614 1392 1676 magistro
1426 1617 1607 1671 vestro,

51 1693 113 1742 ita
138 1688 196 1741 D.
220 1687 592 1756 Chrysostomus.

14 1771 17 1772 ’
131 1769 450 1830 Vosmetipsos
470 1772 667 1824 tentate,
693 1763 739 1813 id
765 1772 863 1825 est,
889 1781 984 1813 non
1006 1773 1180 1829 nostra,
1202 1764 1286 1815 sed
1309 1764 1612 1827 vosmetipsos

0 1863 4 1870 τ
51 1849 256 1900 tentate,
287 1840 603 1901 considerate,
633 1838 886 1903 explorate.

117 1911 176 1964 Si
189 1917 298 1964 estis
319 1914 502 1978 infide,
525 1913 761 1979 explorate
782 1931 891 1964 num
915 1913 1056 1996 fidem
1079 1910 1299 1976 habeatis,
1317 1921 1363 1963 et
1380 1929 1462 1978 per
1488 1911 1610 1960 hanc

33 1987 262 2050 Christus
283 1990 486 2040 habitet
476 2008 521 2039 ιιι
543 1992 695 2039 vobis.

118 2063 371 2116 Dubitatur
398 2065 455 2114 de
478 2083 565 2130 qua
589 2064 680 2115 fide
706 2066 782 2115 hic
801 2065 1015 2131 loquatur
1041 2062 1331 2131 Apostolus·
1354 2081 1412 2114 an
1436 2064 1495 2113 de
1521 2062 1612 2113 fide

0 2183 32 2207 s
53 2141 300 2206 catholica,
325 2138 412 2213 qua
434 2142 629 2191 creditur
657 2144 907 2192 omnibus
893 2159 919 2190 a
943 2139 1052 2190 Deo
1083 2141 1321 2198 revelatis;
1355 2157 1414 2189 an
1438 2140 1497 2189 de
1522 2138 1615 2190 fide

0 2209 2 2243 ²
46 2208 367 2267 miraculorum
405 2216 687 2282 operatrice,
719 2235 822 2284 quae
850 2219 906 2267 ab
933 2213 1162 2283 Apostolo
1189 2226 1459 2269 recensetur
1496 2219 1616 2268 inter

44 2291 321 2378 charismata
339 2289 532 2358 Spiritus
556 2298 700 2345 sancti
718 2333 730 2357 ‚
757 2299 918 2360 primae
941 2293 1050 2345 Cor.
1082 2313 1158 2346 12.
1181 2316 1232 2365 9.

0 2406 3 2437 ς
116 2368 314 2443 Ριίιιιὸ,
346 2373 518 2421 certum
538 2383 605 2424 est
633 2374 756 2439 quod
781 2393 875 2423 non
893 2374 1101 2439 loquatur
1128 2374 1186 2424 de
1207 2374 1298 2424 fide
1320 2368 1576 2438 theologica
1593 2410 1606 2434 ,

47 2447 263 2519 informi,
285 2458 330 2499 et
349 2452 373 2498 ἐι
393 2449 604 2516 charitate
628 2461 865 2519 separata;
889 2457 991 2519 quia
1018 2472 1112 2503 non
1135 2460 1204 2503 est
1230 2456 1411 2519 signum
1439 2450 1609 2502 Christi

55 2533 105 2581 in
140 2530 275 2580 nobis
301 2528 574 2593 habitantis,
563 2549 573 2559 ·
600 2528 804 2585 Christus
836 2536 960 2582 enim
999 2536 1046 2583 in
1072 2536 1127 2584 iis
1150 2533 1296 2583 solum
1324 2539 1506 2592 manet,
1534 2534 1610 2597 qui

43 2604 326 2692 charitatem
351 2605 566 2669 habent,
586 2610 710 2658 utait
731 2609 807 2659 hic
827 2608 890 2660 D.
909 2608 1135 2661 Thomas.

97 2679 292 2750 Potest
320 2685 534 2752 equidem
555 2673 618 2737 D.
642 2681 817 2737 Paulus
837 2688 1029 2754 intelligi
1051 2689 1110 2738 de
1129 2688 1226 2738 fide
1247 2687 1437 2738 formata
1449 2696 1493 2737 et
1510 2704 1569 2754 pe

28 2735 322 2831 charitatem
346 2759 600 2830 operante·
618 2774 673 2826 et
692 2768 751 2815 ita
764 2766 992 2842 intellexit
1020 2766 1153 2820 divus
1175 2764 1399 2815 Thomas
1419 2764 1609 2828 Monet,

56 2833 228 2907 inquit,
253 2847 300 2890 ut
321 2837 378 2888 de
397 2839 573 2890 duobus
594 2858 644 2891 se
664 2828 957 2903 examinent,
983 2839 1151 2893 scilicet
1169 2841 1226 2892 de
1249 2841 1341 2892 fide
1362 2849 1406 2892 et
1424 2842 1480 2892 de
1499 2858 1614 2909 ope-
