1754 3210
163 87 261 123 122
461 60 714 124 sectisoAE
745 63 1004 128 i-:msrorffl
1020 91 1024 95 ·
1039 93 1110 130 Ao
1143 79 1440 140 comni-mos

169 236 438 251 -.-—--
1455 239 1457 241 ,

625 351 897 412 CAPUT
934 350 1280 429 SEXTUM.

850 532 1042 584 Textus.

162 665 643 775 „Amuvmms
692 731 873 815 autem
919 720 1286 795 exhortamur,
1315 747 1384 783 ne
1426 726 1491 783 in
1510 743 1741 787 vacuum

155 806 385 878 gratiam
406 805 499 861 Dei
530 805 833 876 recipiatis.

229 977 277 1012 2.
304 955 399 1012 Ait
424 955 600 1011 enim=
639 953 915 1026 Tempore
944 972 1159 1029 accepto
1197 947 1439 1020 exaudivi
1476 977 1562 1037 te,
1606 980 1660 1024 et
1677 968 1736 1024 in

159 1043 245 1098 die
270 1040 452 1098 salutis
489 1043 670 1112 adjuvi
694 1055 758 1098 te.
789 1043 926 1101 Ecce
959 1067 1103 1104 nunc
1128 1061 1337 1121 tempus
1370 1054 1695 1124 acceptabile
1716 1099 1733 1124 ‚

158 1152 282 1188 ecce
303 1153 448 1188 nunc
466 1131 578 1188 dies
597 1131 781 1189 salutis
805 1159 818 1196 ;

225 1341 275 1394 3.
292 1333 515 1395 Nemini
537 1337 723 1403 dantes
749 1338 912 1394 ullam
935 1339 1314 1411 offensionem,
1347 1357 1407 1401 ut
1443 1367 1558 1402 non
1589 1346 1737 1405 vitu-

149 1440 373 1498 peretur
399 1426 751 1483 ministerium
776 1440 1037 1487 nostrum.

1571 1510 1575 1514 '
1584 1509 1608 1525 ⁴:-

223 1581 275 1643 4.
311 1576 420 1633 Sed
446 1570 503 1632 in
539 1575 788 1641 omnibus
826 1570 1159 1637 exhibeamus
1195 1583 1557 1653 nosmetipsos
1596 1590 1737 1644 sient

153 1664 260 1720 Dei
288 1663 584 1734 ministros,
610 1665 668 1720 in
699 1664 865 1721 multa
890 1666 1174 1738 patientia,
1198 1668 1255 1723 in
1281 1669 1733 1746 tribulationibus,

151 1753 216 1812 in
236 1753 654 1821 necessitatibus,
672 1754 729 1810 in
751 1756 1008 1829 angustiis
1025 1799 1040 1824 ,

227 1869 278 1921 5.
302 1864 366 1919 In
385 1864 571 1936 plagiS,
593 1864 652 1919 in
674 1863 997 1934 carceribus,
1023 1864 1082 1920 in
1108 1865 1477 1938 seditionibus,
1502 1867 1561 1926 in
1584 1869 1735 1931 labo-

153 1956 326 2025 ribus,
343 1955 400 2011 in
427 1955 640 2027 vigiliis,
668 1955 723 2011 in
747 1955 999 2025 jejuniis.,
1282 1952 1284 1954 ’

226 2072 280 2126 6.
320 2069 384 2125 In
416 2069 682 2137 castitate,
713 2069 767 2124 in
798 2069 1017 2126 scientia
1039 2113 1054 2137 ,
1095 2069 1151 2124 in
1199 2069 1636 2144 longanimitate,
1675 2071 1735 2128 in

159 2155 412 2215 suavitate
427 2200 442 2224 ‚
470 2155 528 2211 in
552 2156 757 2225 Spiritu
776 2168 959 2213 sancto
977 2199 991 2224 ‚
1014 2155 1068 2211 in
1091 2155 1345 2215 charitate
1367 2179 1478 2216 non
1505 2160 1629 2216 ficta
1650 2200 1665 2226 ‚

233 2345 281 2391 7.
307 2323 367 2376 In
390 2322 553 2377 verbo
570 2319 810 2378 veritatis
830 2364 844 2387 ,
867 2320 925 2376 in
947 2320 1142 2377 virtute
1167 2322 1307 2392 Dei,
1334 2344 1431 2395 per
1457 2316 1608 2386 arma
1628 2323 1749 2394 jus·-

161 2407 289 2467 titiae
315 2412 344 2465 a
370 2407 566 2465 dextris
589 2420 640 2464 et
667 2409 696 2464 ὲ
723 2406 950 2464 sinistris
974 2450 987 2475 ,

229 2657 280 2709 8.
299 2652 411 2708 Per
434 2651 664 2730 gloriam
701 2666 752 2709 et
779 2651 1165 2726 ignobilitatem
1186 2698 1199 2724 ,
1235 2677 1332 2727 per
1354 2654 1407 2712 in
1425 2655 1647 2713 famiam
1670 2669 1724 2715 et

155 2744 357 2800 bonam
383 2741 582 2798 famam
610 2786 626 2811 ‚
650 2754 710 2798 ut
737 2734 1081 2815 seductores,
1108 2756 1159 2800 et
1202 2765 1441 2815 veraces,
1476 2744 1614 2802 sicut
1643 2746 1739 2817 qui

149 2830 329 2919 ignoti
357 2842 411 2889 et
437 2829 651 2903 cogniti.
