<?xml version="1.0" encoding="UTF-8"?>
<!DOCTYPE html PUBLIC "-//W3C//DTD XHTML 1.0 Transitional//EN"
    "http://www.w3.org/TR/xhtml1/DTD/xhtml1-transitional.dtd">
<html xmlns="http://www.w3.org/1999/xhtml" xml:lang="en" lang="en">
 <head>
  <title>
</title>
<meta http-equiv="Content-Type" content="text/html;charset=utf-8" />
  <meta name='ocr-system' content='tesseract 3.04.00' />
  <meta name='ocr-capabilities' content='ocr_page ocr_carea ocr_par ocr_line ocrx_word'/>
</head>
<body>
  <div class='ocr_page' id='page_1' title='image "./epistolaumbpauli03picq_0429.png"; bbox 0 0 1794 3210; ppageno 0'>
   <div class='ocr_carea' id='block_1_1' title="bbox 396 117 1587 186">
    <p class='ocr_par' dir='ltr' id='par_1_1' title="bbox 396 117 1587 186">
     <span class='ocr_line' id='line_1_1' title="bbox 396 117 1587 186; baseline 0.002 -18"><span class='ocrx_word' id='word_1_1' title='bbox 396 131 624 168; x_wconf 67' lang='lat' dir='ltr'>&#39;rmpmzx</span> <span class='ocrx_word' id='word_1_2' title='bbox 659 132 946 170; x_wconf 65' lang='lat' dir='ltr'>Exposr&#39;rlo.</span> <span class='ocrx_word' id='word_1_3' title='bbox 972 117 1088 181; x_wconf 82' lang='lat' dir='ltr'>Cap.</span> <span class='ocrx_word' id='word_1_4' title='bbox 1125 119 1223 170; x_wconf 86' lang='lat' dir='ltr'>IV.</span> <span class='ocrx_word' id='word_1_5' title='bbox 1489 119 1587 186; x_wconf 42' lang='lat'>4¹¹7</span> 
     </span>
    </p>
   </div>
   <div class='ocr_carea' id='block_1_2' title="bbox 0 203 1653 2983">
    <p class='ocr_par' dir='ltr' id='par_1_2' title="bbox 34 203 1592 349">
     <span class='ocr_line' id='line_1_2' title="bbox 34 203 1592 271; baseline 0 -17"><span class='ocrx_word' id='word_1_6' title='bbox 34 220 164 255; x_wconf 82' lang='lat' dir='ltr'>more</span> <span class='ocrx_word' id='word_1_7' title='bbox 182 204 354 266; x_wconf 79' lang='lat' dir='ltr'>servili,</span> <span class='ocrx_word' id='word_1_8' title='bbox 375 206 514 269; x_wconf 80' lang='lat' dir='ltr'>signis</span> <span class='ocrx_word' id='word_1_9' title='bbox 535 203 976 271; x_wconf 86' lang='lat' dir='ltr'>adhaerentes‚quasi</span> <span class='ocrx_word' id='word_1_10' title='bbox 996 221 1068 254; x_wconf 87' lang='lat' dir='ltr'>res</span> <span class='ocrx_word' id='word_1_11' title='bbox 1083 203 1252 263; x_wconf 80' lang='lat' dir='ltr'>forent3</span> <span class='ocrx_word' id='word_1_12' title='bbox 1279 205 1372 253; x_wconf 78' lang='lat' dir='ltr'>imo</span> <span class='ocrx_word' id='word_1_13' title='bbox 1393 221 1479 254; x_wconf 86' lang='lat' dir='ltr'>nec</span> <span class='ocrx_word' id='word_1_14' title='bbox 1495 206 1592 270; x_wconf 82' lang='lat' dir='ltr'>sig-</span> 
     </span>
     <span class='ocr_line' id='line_1_3' title="bbox 35 284 1227 349; baseline 0.002 -20"><span class='ocrx_word' id='word_1_15' title='bbox 35 296 96 329; x_wconf 82' lang='lat' dir='ltr'>na</span> <span class='ocrx_word' id='word_1_16' title='bbox 115 296 219 330; x_wconf 85' lang='lat' dir='ltr'>esse</span> <span class='ocrx_word' id='word_1_17' title='bbox 241 284 454 331; x_wconf 85' lang='lat' dir='ltr'>scientes.</span> <span class='ocrx_word' id='word_1_18' title='bbox 1224 343 1227 349; x_wconf 16' lang='grc' dir='ltr'>Χ</span> 
     </span>
    </p>

    <p class='ocr_par' dir='ltr' id='par_1_3' title="bbox 31 356 1590 656">
     <span class='ocr_line' id='line_1_4' title="bbox 44 356 1589 428; baseline 0.003 -20"><span class='ocrx_word' id='word_1_19' title='bbox 44 406 46 408; x_wconf 78' lang='grc'>,</span> <span class='ocrx_word' id='word_1_20' title='bbox 91 357 230 412; x_wconf 76' lang='lat' dir='ltr'>,Sicut</span> <span class='ocrx_word' id='word_1_21' title='bbox 249 365 375 428; x_wconf 90' lang='lat' dir='ltr'>pueri</span> <span class='ocrx_word' id='word_1_22' title='bbox 393 362 615 412; x_wconf 80' lang='lat' dir='ltr'>elementa</span> <span class='ocrx_word' id='word_1_23' title='bbox 638 360 844 420; x_wconf 59' lang='lat' dir='ltr'>dheunt,</span> <span class='ocrx_word' id='word_1_24' title='bbox 873 368 917 409; x_wconf 87' lang='lat' dir='ltr'>et</span> <span class='ocrx_word' id='word_1_25' title='bbox 939 356 1268 411; x_wconf 81' lang='lat' dir='ltr'>elementorum</span> <span class='ocrx_word' id='word_1_26' title='bbox 1301 379 1380 411; x_wconf 82' lang='lat' dir='ltr'>seu</span> <span class='ocrx_word' id='word_1_27' title='bbox 1414 362 1589 413; x_wconf 81' lang='lat' dir='ltr'>littera-</span> 
     </span>
     <span class='ocr_line' id='line_1_5' title="bbox 33 436 1590 502; baseline 0.001 -16"><span class='ocrx_word' id='word_1_28' title='bbox 33 454 134 487; x_wconf 88' lang='lat' dir='ltr'>rum</span> <span class='ocrx_word' id='word_1_29' title='bbox 150 441 546 502; x_wconf 80' lang='lat' dir='ltr'>conjunctionem3</span> <span class='ocrx_word' id='word_1_30' title='bbox 587 436 669 485; x_wconf 83' lang='lat' dir='ltr'>sed</span> <span class='ocrx_word' id='word_1_31' title='bbox 707 453 843 485; x_wconf 84' lang='lat' dir='ltr'>voces</span> <span class='ocrx_word' id='word_1_32' title='bbox 868 444 914 486; x_wconf 88' lang='lat' dir='ltr'>et</span> <span class='ocrx_word' id='word_1_33' title='bbox 958 439 1207 487; x_wconf 87' lang='lat' dir='ltr'>sententias</span> <span class='ocrx_word' id='word_1_34' title='bbox 1251 454 1309 485; x_wconf 82' lang='lat' dir='ltr'>ex</span> <span class='ocrx_word' id='word_1_35' title='bbox 1353 437 1590 488; x_wconf 84' lang='lat' dir='ltr'>elementis</span> 
     </span>
     <span class='ocr_line' id='line_1_6' title="bbox 34 513 1589 594; baseline 0.003 -33"><span class='ocrx_word' id='word_1_36' title='bbox 34 514 250 574; x_wconf 79' lang='lat' dir='ltr'>conflatas</span> <span class='ocrx_word' id='word_1_37' title='bbox 268 533 363 566; x_wconf 90' lang='lat' dir='ltr'>non</span> <span class='ocrx_word' id='word_1_38' title='bbox 387 513 673 577; x_wconf 82' lang='lat' dir='ltr'>intelligunt,</span> <span class='ocrx_word' id='word_1_39' title='bbox 703 513 852 562; x_wconf 89' lang='lat' dir='ltr'>donec</span> <span class='ocrx_word' id='word_1_40' title='bbox 875 514 932 562; x_wconf 87' lang='lat' dir='ltr'>ad</span> <span class='ocrx_word' id='word_1_41' title='bbox 965 517 1176 564; x_wconf 80' lang='lat' dir='ltr'>scientias</span> <span class='ocrx_word' id='word_1_42' title='bbox 1199 513 1378 563; x_wconf 81' lang='lat' dir='ltr'>altiores</span> <span class='ocrx_word' id='word_1_43' title='bbox 1418 532 1589 594; x_wconf 85' lang='lat' dir='ltr'>perve-</span> 
     </span>
     <span class='ocr_line' id='line_1_7' title="bbox 31 549 1299 656; baseline 0 -17"><span class='ocrx_word' id='word_1_44' title='bbox 31 592 186 652; x_wconf 86' lang='lat' dir='ltr'>niant,</span> <span class='ocrx_word' id='word_1_45' title='bbox 213 593 271 641; x_wconf 87' lang='lat' dir='ltr'>ad</span> <span class='ocrx_word' id='word_1_46' title='bbox 297 607 405 655; x_wconf 91' lang='lat' dir='ltr'>quas</span> <span class='ocrx_word' id='word_1_47' title='bbox 424 592 509 638; x_wconf 89' lang='lat' dir='ltr'>nisi</span> <span class='ocrx_word' id='word_1_48' title='bbox 531 606 611 654; x_wconf 81' lang='lat' dir='ltr'>per</span> <span class='ocrx_word' id='word_1_49' title='bbox 635 549 860 638; x_wconf 87' lang='lat' dir='ltr'>elementa</span> <span class='ocrx_word' id='word_1_50' title='bbox 882 607 977 639; x_wconf 91' lang='lat' dir='ltr'>non</span> <span class='ocrx_word' id='word_1_51' title='bbox 1001 593 1298 656; x_wconf 73' lang='lat' dir='ltr'>pelvenitur·</span> <span class='ocrx_word' id='word_1_52' title='bbox 1288 627 1299 647; x_wconf 92' lang='lat'>,</span> 
     </span>
    </p>

    <p class='ocr_par' dir='ltr' id='par_1_4' title="bbox 31 669 1588 970">
     <span class='ocr_line' id='line_1_8' title="bbox 101 669 1588 736; baseline -0.001 -15"><span class='ocrx_word' id='word_1_53' title='bbox 101 671 168 721; x_wconf 83' lang='lat' dir='ltr'>lta</span> <span class='ocrx_word' id='word_1_54' title='bbox 190 669 341 721; x_wconf 85' lang='lat' dir='ltr'>Judaei</span> <span class='ocrx_word' id='word_1_55' title='bbox 363 675 738 721; x_wconf 84' lang='lat' dir='ltr'>caeremoniarum</span> <span class='ocrx_word' id='word_1_56' title='bbox 762 672 986 722; x_wconf 86' lang='lat' dir='ltr'>elementa</span> <span class='ocrx_word' id='word_1_57' title='bbox 1013 691 1107 723; x_wconf 89' lang='lat' dir='ltr'>non</span> <span class='ocrx_word' id='word_1_58' title='bbox 1128 673 1464 734; x_wconf 82' lang='lat' dir='ltr'>intellexerunt,</span> <span class='ocrx_word' id='word_1_59' title='bbox 1488 673 1588 736; x_wconf 81' lang='lat' dir='ltr'>sig-</span> 
     </span>
     <span class='ocr_line' id='line_1_9' title="bbox 31 752 1582 818; baseline 0.001 -18"><span class='ocrx_word' id='word_1_60' title='bbox 31 753 102 818; x_wconf 77' lang='lat' dir='ltr'>nis</span> <span class='ocrx_word' id='word_1_61' title='bbox 130 752 415 802; x_wconf 77' lang='lat' dir='ltr'>adhaeserunt</span> <span class='ocrx_word' id='word_1_62' title='bbox 439 755 563 818; x_wconf 79' lang='lat' dir='ltr'>quasi</span> <span class='ocrx_word' id='word_1_63' title='bbox 586 755 721 802; x_wconf 87' lang='lat' dir='ltr'>rebus</span> <span class='ocrx_word' id='word_1_64' title='bbox 744 790 758 814; x_wconf 84' lang='lat'><strong>‚</strong></span> <span class='ocrx_word' id='word_1_65' title='bbox 783 760 827 802; x_wconf 89' lang='lat' dir='ltr'>et</span> <span class='ocrx_word' id='word_1_66' title='bbox 844 756 969 817; x_wconf 81' lang='lat' dir='ltr'>signa</span> <span class='ocrx_word' id='word_1_67' title='bbox 991 758 1164 804; x_wconf 72' lang='lat' dir='ltr'>tantuin</span> <span class='ocrx_word' id='word_1_68' title='bbox 1182 772 1281 804; x_wconf 88' lang='lat' dir='ltr'>esse</span> <span class='ocrx_word' id='word_1_69' title='bbox 1298 755 1582 812; x_wconf 79' lang='lat' dir='ltr'>nescierunt,</span> 
     </span>
     <span class='ocr_line' id='line_1_10' title="bbox 31 826 1582 896; baseline 0.002 -20"><span class='ocrx_word' id='word_1_70' title='bbox 31 827 183 878; x_wconf 82' lang='lat' dir='ltr'>donee</span> <span class='ocrx_word' id='word_1_71' title='bbox 218 829 276 878; x_wconf 91' lang='lat' dir='ltr'>ad</span> <span class='ocrx_word' id='word_1_72' title='bbox 311 826 541 878; x_wconf 79' lang='lat' dir='ltr'>Christum</span> <span class='ocrx_word' id='word_1_73' title='bbox 569 846 655 892; x_wconf 89' lang='lat' dir='ltr'>per</span> <span class='ocrx_word' id='word_1_74' title='bbox 687 829 786 879; x_wconf 87' lang='lat' dir='ltr'>haec</span> <span class='ocrx_word' id='word_1_75' title='bbox 824 829 1046 881; x_wconf 87' lang='lat' dir='ltr'>elementa</span> <span class='ocrx_word' id='word_1_76' title='bbox 1068 868 1080 892; x_wconf 80' lang='lat'>,</span> <span class='ocrx_word' id='word_1_77' title='bbox 1106 833 1230 896; x_wconf 85' lang='lat' dir='ltr'>quasi</span> <span class='ocrx_word' id='word_1_78' title='bbox 1270 831 1582 891; x_wconf 70' lang='lat' dir='ltr'><strong>elevamenta,</strong></span> 
     </span>
     <span class='ocr_line' id='line_1_11' title="bbox 31 904 913 970; baseline 0.005 -16"><span class='ocrx_word' id='word_1_79' title='bbox 31 916 365 970; x_wconf 83' lang='lat' dir='ltr'>pervenerunt,</span> <span class='ocrx_word' id='word_1_80' title='bbox 389 910 449 957; x_wconf 85' lang='lat' dir='ltr'>ait</span> <span class='ocrx_word' id='word_1_81' title='bbox 473 905 620 957; x_wconf 77' lang='lat' dir='ltr'>Divus</span> <span class='ocrx_word' id='word_1_82' title='bbox 643 904 913 958; x_wconf 79' lang='lat' dir='ltr'>Anselmus.</span> 
     </span>
    </p>

    <p class='ocr_par' dir='ltr' id='par_1_5' title="bbox 24 979 1589 1347">
     <span class='ocr_line' id='line_1_12' title="bbox 83 979 1589 1051; baseline 0.003 -19"><span class='ocrx_word' id='word_1_83' title='bbox 83 979 271 1037; x_wconf 39' lang='lat' dir='ltr'>[Caveat</span> <span class='ocrx_word' id='word_1_84' title='bbox 291 983 570 1034; x_wconf 87' lang='lat' dir='ltr'>Christianus</span> <span class='ocrx_word' id='word_1_85' title='bbox 587 986 644 1034; x_wconf 86' lang='lat' dir='ltr'>ab</span> <span class='ocrx_word' id='word_1_86' title='bbox 671 987 769 1051; x_wconf 90' lang='lat' dir='ltr'>ipso</span> <span class='ocrx_word' id='word_1_87' title='bbox 798 980 987 1035; x_wconf 80' lang='lat' dir='ltr'>Christo</span> <span class='ocrx_word' id='word_1_88' title='bbox 1024 982 1329 1047; x_wconf 76' lang='lat' dir='ltr'>ecloctuS‚11e</span> <span class='ocrx_word' id='word_1_89' title='bbox 1368 989 1507 1051; x_wconf 83' lang='lat' dir='ltr'>signis</span> <span class='ocrx_word' id='word_1_90' title='bbox 1542 994 1589 1037; x_wconf 86' lang='lat' dir='ltr'>et</span> 
     </span>
     <span class='ocr_line' id='line_1_13' title="bbox 27 1058 1584 1129; baseline 0.005 -22"><span class='ocrx_word' id='word_1_91' title='bbox 27 1058 134 1109; x_wconf 81' lang='lat' dir='ltr'>solis</span> <span class='ocrx_word' id='word_1_92' title='bbox 175 1064 474 1112; x_wconf 71' lang='lat' dir='ltr'>exterioribus</span> <span class='ocrx_word' id='word_1_93' title='bbox 509 1081 555 1111; x_wconf 87' lang='lat' dir='ltr'>n.</span> <span class='ocrx_word' id='word_1_94' title='bbox 546 1065 645 1112; x_wconf 83' lang='lat' dir='ltr'>&#39;mis</span> <span class='ocrx_word' id='word_1_95' title='bbox 690 1064 966 1113; x_wconf 73' lang='lat' dir='ltr'>adhaereat.</span> <span class='ocrx_word' id='word_1_96' title='bbox 1012 1065 1095 1113; x_wconf 91' lang='lat' dir='ltr'>sed</span> <span class='ocrx_word' id='word_1_97' title='bbox 1129 1067 1332 1129; x_wconf 75' lang='lat' dir='ltr'>spiritui,</span> <span class='ocrx_word' id='word_1_98' title='bbox 1372 1066 1584 1125; x_wconf 80' lang='lat' dir='ltr'>veritati,</span> 
     </span>
     <span class='ocr_line' id='line_1_14' title="bbox 25 1124 1586 1204; baseline 0.003 -20"><span class='ocrx_word' id='word_1_99' title='bbox 25 1124 329 1201; x_wconf 80' lang='lat' dir='ltr'>principaliter</span> <span class='ocrx_word' id='word_1_100' title='bbox 354 1139 589 1195; x_wconf 86' lang='lat' dir='ltr'>intendat,</span> <span class='ocrx_word' id='word_1_101' title='bbox 620 1141 770 1188; x_wconf 87' lang='lat' dir='ltr'>sciens</span> <span class='ocrx_word' id='word_1_102' title='bbox 810 1143 913 1204; x_wconf 84' lang='lat' dir='ltr'>quia</span> <span class='ocrx_word' id='word_1_103' title='bbox 934 1141 1122 1203; x_wconf 75' lang='lat' dir='ltr'>spi‘mtus</span> <span class='ocrx_word' id='word_1_104' title='bbox 1150 1150 1218 1189; x_wconf 81' lang='lat' dir='ltr'>est</span> <span class='ocrx_word' id='word_1_105' title='bbox 1247 1142 1413 1189; x_wconf 79' lang='lat' dir='ltr'>Deus:</span> <span class='ocrx_word' id='word_1_106' title='bbox 1441 1149 1486 1188; x_wconf 82' lang='lat' dir='ltr'>et</span> <span class='ocrx_word' id='word_1_107' title='bbox 1509 1159 1586 1189; x_wconf 85' lang='lat' dir='ltr'>eos</span> 
     </span>
     <span class='ocr_line' id='line_1_15' title="bbox 25 1213 1583 1280; baseline 0.003 -20"><span class='ocrx_word' id='word_1_108' title='bbox 25 1229 105 1277; x_wconf 69' lang='lat' dir='ltr'>qut</span> <span class='ocrx_word' id='word_1_109' title='bbox 97 1213 317 1266; x_wconf 73' lang='lat' dir='ltr'>&#39;adorant</span> <span class='ocrx_word' id='word_1_110' title='bbox 332 1232 455 1275; x_wconf 74' lang='lat' dir='ltr'>eccm,</span> <span class='ocrx_word' id='word_1_111' title='bbox 484 1232 532 1261; x_wconf 81' lang='grc' dir='ltr'>ιη</span> <span class='ocrx_word' id='word_1_112' title='bbox 554 1215 719 1278; x_wconf 76' lang='lat' dir='ltr'>spirita</span> <span class='ocrx_word' id='word_1_113' title='bbox 739 1224 784 1263; x_wconf 84' lang='lat' dir='ltr'>et</span> <span class='ocrx_word' id='word_1_114' title='bbox 801 1217 995 1266; x_wconf 67' lang='lat' dir='ltr'>veritate</span> <span class='ocrx_word' id='word_1_115' title='bbox 1011 1225 1189 1280; x_wconf 78' lang='lat' dir='ltr'>oportet</span> <span class='ocrx_word' id='word_1_116' title='bbox 1208 1217 1422 1266; x_wconf 78' lang='lat' dir='ltr'>adorare.</span> <span class='ocrx_word' id='word_1_117' title='bbox 1443 1213 1475 1264; x_wconf 84' lang='lat' dir='ltr'>J</span> <span class='ocrx_word' id='word_1_118' title='bbox 1480 1233 1583 1266; x_wconf 89' lang='lat' dir='ltr'>oan</span> 
     </span>
     <span class='ocr_line' id='line_1_16' title="bbox 24 1287 179 1347; baseline -0.006 -11"><span class='ocrx_word' id='word_1_119' title='bbox 24 1287 73 1347; x_wconf 76' lang='grc'>4.</span> <span class='ocrx_word' id='word_1_120' title='bbox 93 1287 179 1337; x_wconf 82' lang='lat'>23.</span> 
     </span>
    </p>

    <p class='ocr_par' dir='ltr' id='par_1_6' title="bbox 21 1355 1653 1745">
     <span class='ocr_line' id='line_1_17' title="bbox 93 1355 1583 1433; baseline 0.003 -18"><span class='ocrx_word' id='word_1_121' title='bbox 93 1355 149 1415; x_wconf 51' lang='grc' dir='ltr'>ᾖ.</span> <span class='ocrx_word' id='word_1_122' title='bbox 179 1366 226 1427; x_wconf 73' lang='grc'>4.</span> <span class='ocrx_word' id='word_1_123' title='bbox 256 1368 319 1414; x_wconf 66' lang='lat' dir='ltr'>Aa</span> <span class='ocrx_word' id='word_1_124' title='bbox 340 1367 421 1413; x_wconf 75' lang='lat' dir='ltr'>ubi</span> <span class='ocrx_word' id='word_1_125' title='bbox 435 1367 561 1415; x_wconf 69' lang='lat' dir='ltr'>venit</span> <span class='ocrx_word' id='word_1_126' title='bbox 581 1368 836 1429; x_wconf 72' lang='lat' dir='ltr'>plenitudo,</span> <span class='ocrx_word' id='word_1_127' title='bbox 868 1366 915 1416; x_wconf 89' lang='lat' dir='ltr'>id</span> <span class='ocrx_word' id='word_1_128' title='bbox 951 1377 1018 1418; x_wconf 89' lang='lat' dir='ltr'>est</span> <span class='ocrx_word' id='word_1_129' title='bbox 1040 1405 1053 1430; x_wconf 87' lang='lat'>,</span> <span class='ocrx_word' id='word_1_130' title='bbox 1072 1369 1177 1418; x_wconf 87' lang='lat' dir='ltr'>finis</span> <span class='ocrx_word' id='word_1_131' title='bbox 1197 1371 1416 1433; x_wconf 86' lang='lat' dir='ltr'>temporis</span> <span class='ocrx_word' id='word_1_132' title='bbox 1441 1373 1466 1419; x_wconf 74' lang='grc' dir='ltr'>ὲ</span> <span class='ocrx_word' id='word_1_133' title='bbox 1490 1386 1583 1420; x_wconf 82' lang='lat' dir='ltr'>coe·</span> 
     </span>
     <span class='ocr_line' id='line_1_18' title="bbox 21 1439 1653 1508; baseline 0.004 -18"><span class='ocrx_word' id='word_1_134' title='bbox 21 1439 124 1491; x_wconf 86' lang='lat' dir='ltr'>lesti</span> <span class='ocrx_word' id='word_1_135' title='bbox 140 1439 276 1491; x_wconf 86' lang='lat' dir='ltr'>Patre</span> <span class='ocrx_word' id='word_1_136' title='bbox 295 1452 451 1492; x_wconf 85' lang='lat' dir='ltr'>nostro</span> <span class='ocrx_word' id='word_1_137' title='bbox 472 1445 685 1508; x_wconf 74' lang='lat' dir='ltr'>praefiniti</span> <span class='ocrx_word' id='word_1_138' title='bbox 703 1484 716 1507; x_wconf 92' lang='lat'>,</span> <span class='ocrx_word' id='word_1_139' title='bbox 739 1462 818 1494; x_wconf 90' lang='lat' dir='ltr'>seu</span> <span class='ocrx_word' id='word_1_140' title='bbox 834 1447 909 1495; x_wconf 91' lang='lat' dir='ltr'>ubi</span> <span class='ocrx_word' id='word_1_141' title='bbox 933 1444 1108 1495; x_wconf 83' lang='lat' dir='ltr'>effluxit</span> <span class='ocrx_word' id='word_1_142' title='bbox 1125 1455 1295 1496; x_wconf 86' lang='lat' dir='ltr'>nostrae</span> <span class='ocrx_word' id='word_1_143' title='bbox 1314 1450 1583 1497; x_wconf 85' lang='lat' dir='ltr'>minoritatis</span> <span class='ocrx_word' id='word_1_144' title='bbox 1649 1479 1653 1483; x_wconf 94' lang='lat'>·</span> 
     </span>
     <span class='ocr_line' id='line_1_19' title="bbox 23 1515 1582 1589; baseline 0.004 -22"><span class='ocrx_word' id='word_1_145' title='bbox 23 1525 204 1583; x_wconf 80' lang='lat' dir='ltr'>tempus</span> <span class='ocrx_word' id='word_1_146' title='bbox 227 1524 253 1568; x_wconf 74' lang='lat' dir='ltr'>a</span> <span class='ocrx_word' id='word_1_147' title='bbox 280 1515 395 1570; x_wconf 90' lang='lat' dir='ltr'>Deo</span> <span class='ocrx_word' id='word_1_148' title='bbox 422 1518 557 1571; x_wconf 87' lang='lat' dir='ltr'>Patre</span> <span class='ocrx_word' id='word_1_149' title='bbox 584 1529 738 1571; x_wconf 85' lang='lat' dir='ltr'>nostro</span> <span class='ocrx_word' id='word_1_150' title='bbox 759 1523 1019 1587; x_wconf 80' lang='lat' dir='ltr'>praefixum,</span> <span class='ocrx_word' id='word_1_151' title='bbox 1045 1532 1088 1573; x_wconf 84' lang='lat' dir='ltr'>et</span> <span class='ocrx_word' id='word_1_152' title='bbox 1112 1523 1297 1572; x_wconf 87' lang='lat' dir='ltr'>advenit</span> <span class='ocrx_word' id='word_1_153' title='bbox 1320 1523 1457 1582; x_wconf 86' lang='lat' dir='ltr'>illud,</span> <span class='ocrx_word' id='word_1_154' title='bbox 1491 1541 1582 1589; x_wconf 90' lang='lat' dir='ltr'>quo</span> 
     </span>
     <span class='ocr_line' id='line_1_20' title="bbox 23 1597 1582 1662; baseline 0.006 -19"><span class='ocrx_word' id='word_1_155' title='bbox 23 1597 174 1644; x_wconf 82' lang='lat' dir='ltr'>statuit</span> <span class='ocrx_word' id='word_1_156' title='bbox 218 1613 303 1644; x_wconf 90' lang='lat' dir='ltr'>nos</span> <span class='ocrx_word' id='word_1_157' title='bbox 342 1599 367 1644; x_wconf 76' lang='lat' dir='ltr'>a</span> <span class='ocrx_word' id='word_1_158' title='bbox 408 1597 669 1647; x_wconf 82' lang='lat' dir='ltr'>conditione</span> <span class='ocrx_word' id='word_1_159' title='bbox 711 1616 972 1662; x_wconf 85' lang='lat' dir='ltr'>servorum,</span> <span class='ocrx_word' id='word_1_160' title='bbox 1002 1600 1060 1650; x_wconf 87' lang='lat' dir='ltr'>ad</span> <span class='ocrx_word' id='word_1_161' title='bbox 1093 1599 1345 1650; x_wconf 84' lang='lat' dir='ltr'>libertatern</span> <span class='ocrx_word' id='word_1_162' title='bbox 1385 1601 1582 1652; x_wconf 83' lang='lat' dir='ltr'>filiorum</span> 
     </span>
     <span class='ocr_line' id='line_1_21' title="bbox 23 1670 559 1745; baseline 0.007 -25"><span class='ocrx_word' id='word_1_163' title='bbox 23 1670 277 1745; x_wconf 65' lang='lat' dir='ltr'>adultorum</span> <span class='ocrx_word' id='word_1_164' title='bbox 303 1670 559 1724; x_wconf 85' lang='lat' dir='ltr'>transferre.</span> 
     </span>
    </p>

    <p class='ocr_par' dir='ltr' id='par_1_7' title="bbox 17 1747 1579 1963">
     <span class='ocr_line' id='line_1_22' title="bbox 87 1747 1577 1817; baseline 0.003 -21"><span class='ocrx_word' id='word_1_165' title='bbox 87 1749 227 1797; x_wconf 79' lang='lat' dir='ltr'>Misit</span> <span class='ocrx_word' id='word_1_166' title='bbox 247 1751 371 1798; x_wconf 82' lang='lat' dir='ltr'>Deus</span> <span class='ocrx_word' id='word_1_167' title='bbox 399 1751 575 1799; x_wconf 73' lang='lat' dir='ltr'>Filiam</span> <span class='ocrx_word' id='word_1_168' title='bbox 594 1769 745 1800; x_wconf 80' lang='lat' dir='ltr'>suum.</span> <span class='ocrx_word' id='word_1_169' title='bbox 769 1747 852 1801; x_wconf 80' lang='lat' dir='ltr'>Gr.</span> <span class='ocrx_word' id='word_1_170' title='bbox 884 1754 1061 1816; x_wconf 82' lang='lat' dir='ltr'>emisit,</span> <span class='ocrx_word' id='word_1_171' title='bbox 1087 1756 1112 1802; x_wconf 79' lang='grc' dir='ltr'>ὲ</span> <span class='ocrx_word' id='word_1_172' title='bbox 1141 1770 1224 1802; x_wconf 91' lang='lat' dir='ltr'>suo</span> <span class='ocrx_word' id='word_1_173' title='bbox 1248 1753 1418 1803; x_wconf 81' lang='lat' dir='ltr'>scilicet</span> <span class='ocrx_word' id='word_1_174' title='bbox 1447 1754 1547 1817; x_wconf 75' lang='lat' dir='ltr'>sinu</span> <span class='ocrx_word' id='word_1_175' title='bbox 1563 1789 1577 1815; x_wconf 78' lang='lat'>,</span> 
     </span>
     <span class='ocr_line' id='line_1_23' title="bbox 17 1824 1579 1895; baseline 0.003 -21"><span class='ocrx_word' id='word_1_176' title='bbox 17 1828 72 1875; x_wconf 71' lang='lat' dir='ltr'>in,</span> <span class='ocrx_word' id='word_1_177' title='bbox 87 1832 226 1874; x_wconf 88' lang='lat' dir='ltr'>terras</span> <span class='ocrx_word' id='word_1_178' title='bbox 239 1825 403 1890; x_wconf 82' lang='lat' dir='ltr'>legavit</span> <span class='ocrx_word' id='word_1_179' title='bbox 425 1829 707 1892; x_wconf 81' lang='lat' dir='ltr'>unigenitum</span> <span class='ocrx_word' id='word_1_180' title='bbox 726 1824 893 1878; x_wconf 86' lang='lat' dir='ltr'>Filium</span> <span class='ocrx_word' id='word_1_181' title='bbox 917 1847 1071 1892; x_wconf 85' lang='lat' dir='ltr'>suum,</span> <span class='ocrx_word' id='word_1_182' title='bbox 1091 1832 1191 1891; x_wconf 7' lang='lat' dir='ltr'>sibi?</span> <span class='ocrx_word' id='word_1_183' title='bbox 1211 1831 1579 1895; x_wconf 85' lang='lat' dir='ltr'>consubstantia-</span> 
     </span>
     <span class='ocr_line' id='line_1_24' title="bbox 19 1899 126 1963; baseline 0.019 -15"><span class='ocrx_word' id='word_1_184' title='bbox 19 1899 126 1963; x_wconf 85' lang='lat' dir='ltr'>lem.</span> 
     </span>
    </p>

    <p class='ocr_par' dir='ltr' id='par_1_8' title="bbox 87 1973 1578 2048">
     <span class='ocr_line' id='line_1_25' title="bbox 87 1973 1578 2048; baseline 0.003 -22"><span class='ocrx_word' id='word_1_185' title='bbox 87 1973 200 2026; x_wconf 91' lang='lat' dir='ltr'>Non</span> <span class='ocrx_word' id='word_1_186' title='bbox 227 1978 349 2044; x_wconf 74' lang='lat' dir='ltr'>quod</span> <span class='ocrx_word' id='word_1_187' title='bbox 374 1976 464 2028; x_wconf 87' lang='lat' dir='ltr'>Dei</span> <span class='ocrx_word' id='word_1_188' title='bbox 485 1976 626 2028; x_wconf 88' lang='lat' dir='ltr'>Filius</span> <span class='ocrx_word' id='word_1_189' title='bbox 647 1981 810 2028; x_wconf 84' lang='lat' dir='ltr'>exierit</span> <span class='ocrx_word' id='word_1_190' title='bbox 835 1980 976 2028; x_wconf 76' lang='lat' dir='ltr'>esinu</span> <span class='ocrx_word' id='word_1_191' title='bbox 1004 1977 1153 2030; x_wconf 86' lang='lat' dir='ltr'>Patris</span> <span class='ocrx_word' id='word_1_192' title='bbox 1170 2018 1183 2043; x_wconf 89' lang='lat'><strong>‚</strong></span> <span class='ocrx_word' id='word_1_193' title='bbox 1214 1983 1260 2031; x_wconf 88' lang='lat' dir='ltr'>in</span> <span class='ocrx_word' id='word_1_194' title='bbox 1297 1999 1386 2048; x_wconf 91' lang='lat' dir='ltr'>quo</span> <span class='ocrx_word' id='word_1_195' title='bbox 1419 1997 1578 2045; x_wconf 83' lang='lat' dir='ltr'>gene-</span> 
     </span>
    </p>

    <p class='ocr_par' dir='ltr' id='par_1_9' title="bbox 0 2060 1047 2123">
     <span class='ocr_line' id='line_1_26' title="bbox 0 2060 1047 2123; baseline 0.003 -16"><span class='ocrx_word' id='word_1_196' title='bbox 0 2065 136 2109; x_wconf 35' lang='lat' dir='ltr'>iratur</span> <span class='ocrx_word' id='word_1_197' title='bbox 159 2060 216 2108; x_wconf 90' lang='lat' dir='ltr'>ab</span> <span class='ocrx_word' id='word_1_198' title='bbox 239 2068 410 2109; x_wconf 87' lang='lat' dir='ltr'>aeterno</span> <span class='ocrx_word' id='word_1_199' title='bbox 427 2096 441 2120; x_wconf 87' lang='lat'>.,</span> <span class='ocrx_word' id='word_1_200' title='bbox 471 2068 515 2108; x_wconf 88' lang='lat' dir='ltr'>et</span> <span class='ocrx_word' id='word_1_201' title='bbox 536 2060 730 2123; x_wconf 73' lang='lat' dir='ltr'>quiescit</span> <span class='ocrx_word' id='word_1_202' title='bbox 745 2063 791 2109; x_wconf 92' lang='lat' dir='ltr'>in</span> <span class='ocrx_word' id='word_1_203' title='bbox 809 2067 1047 2110; x_wconf 84' lang='lat' dir='ltr'>aeternum.</span> 
     </span>
    </p>

    <p class='ocr_par' dir='ltr' id='par_1_10' title="bbox 17 2131 1578 2275">
     <span class='ocr_line' id='line_1_27' title="bbox 86 2131 1578 2206; baseline 0.001 -22"><span class='ocrx_word' id='word_1_204' title='bbox 86 2131 198 2184; x_wconf 91' lang='lat' dir='ltr'>Non</span> <span class='ocrx_word' id='word_1_205' title='bbox 230 2135 352 2200; x_wconf 77' lang='lat' dir='ltr'>quod</span> <span class='ocrx_word' id='word_1_206' title='bbox 389 2138 522 2185; x_wconf 87' lang='lat' dir='ltr'>etiam</span> <span class='ocrx_word' id='word_1_207' title='bbox 557 2138 606 2184; x_wconf 93' lang='lat' dir='ltr'>in</span> <span class='ocrx_word' id='word_1_208' title='bbox 638 2139 764 2184; x_wconf 86' lang='lat' dir='ltr'>terris</span> <span class='ocrx_word' id='word_1_209' title='bbox 791 2139 1012 2202; x_wconf 88' lang='lat' dir='ltr'>inceperit</span> <span class='ocrx_word' id='word_1_210' title='bbox 1047 2154 1148 2187; x_wconf 86' lang='lat' dir='ltr'>esse</span> <span class='ocrx_word' id='word_1_211' title='bbox 1182 2140 1255 2206; x_wconf 91' lang='lat' dir='ltr'>qui</span> <span class='ocrx_word' id='word_1_212' title='bbox 1289 2152 1472 2203; x_wconf 87' lang='lat' dir='ltr'>semper</span> <span class='ocrx_word' id='word_1_213' title='bbox 1507 2143 1578 2186; x_wconf 86' lang='lat' dir='ltr'>est</span> 
     </span>
     <span class='ocr_line' id='line_1_28' title="bbox 17 2211 222 2275; baseline -0.006 -15"><span class='ocrx_word' id='word_1_214' title='bbox 17 2211 222 2275; x_wconf 89' lang='lat' dir='ltr'>ubique:</span> 
     </span>
    </p>

    <p class='ocr_par' dir='ltr' id='par_1_11' title="bbox 14 2283 1578 2506">
     <span class='ocr_line' id='line_1_29' title="bbox 84 2283 1578 2354; baseline 0.001 -17"><span class='ocrx_word' id='word_1_215' title='bbox 84 2285 181 2337; x_wconf 87' lang='lat' dir='ltr'>Sed</span> <span class='ocrx_word' id='word_1_216' title='bbox 219 2289 352 2354; x_wconf 90' lang='lat' dir='ltr'>quia</span> <span class='ocrx_word' id='word_1_217' title='bbox 377 2283 519 2338; x_wconf 88' lang='lat' dir='ltr'>Patre</span> <span class='ocrx_word' id='word_1_218' title='bbox 547 2288 766 2352; x_wconf 85' lang='lat' dir='ltr'>volente,</span> <span class='ocrx_word' id='word_1_219' title='bbox 795 2287 933 2340; x_wconf 82' lang='lat' dir='ltr'>factus</span> <span class='ocrx_word' id='word_1_220' title='bbox 963 2298 1032 2339; x_wconf 88' lang='lat' dir='ltr'>est</span> <span class='ocrx_word' id='word_1_221' title='bbox 1072 2288 1254 2352; x_wconf 88' lang='lat' dir='ltr'>homo,</span> <span class='ocrx_word' id='word_1_222' title='bbox 1295 2296 1340 2338; x_wconf 84' lang='lat' dir='ltr'>et</span> <span class='ocrx_word' id='word_1_223' title='bbox 1376 2285 1578 2339; x_wconf 58' lang='lat' dir='ltr'>humana</span> 
     </span>
     <span class='ocr_line' id='line_1_30' title="bbox 14 2364 1570 2429; baseline -0.001 -13"><span class='ocrx_word' id='word_1_224' title='bbox 14 2381 148 2417; x_wconf 84' lang='lat' dir='ltr'>carne</span> <span class='ocrx_word' id='word_1_225' title='bbox 168 2364 366 2424; x_wconf 87' lang='lat' dir='ltr'>indutus,</span> <span class='ocrx_word' id='word_1_226' title='bbox 397 2366 477 2429; x_wconf 82' lang='lat' dir='ltr'>qui</span> <span class='ocrx_word' id='word_1_227' title='bbox 508 2366 564 2414; x_wconf 91' lang='lat' dir='ltr'>ab</span> <span class='ocrx_word' id='word_1_228' title='bbox 591 2373 759 2416; x_wconf 87' lang='lat' dir='ltr'>aeterno</span> <span class='ocrx_word' id='word_1_229' title='bbox 794 2376 888 2418; x_wconf 86' lang='lat' dir='ltr'>erat</span> <span class='ocrx_word' id='word_1_230' title='bbox 925 2368 1196 2418; x_wconf 87' lang='lat' dir='ltr'>invisibilis·</span> <span class='ocrx_word' id='word_1_231' title='bbox 1241 2365 1317 2417; x_wconf 89' lang='lat' dir='ltr'><em>V</em></span> <span class='ocrx_word' id='word_1_232' title='bbox 1295 2385 1390 2416; x_wconf 80' lang='lat' dir='ltr'>esus</span> <span class='ocrx_word' id='word_1_233' title='bbox 1426 2376 1496 2416; x_wconf 83' lang='lat' dir='ltr'>est</span> <span class='ocrx_word' id='word_1_234' title='bbox 1520 2386 1570 2416; x_wconf 85' lang='lat' dir='ltr'><em>m</em></span> 
     </span>
     <span class='ocr_line' id='line_1_31' title="bbox 14 2446 1058 2506; baseline 0.004 -11"><span class='ocrx_word' id='word_1_235' title='bbox 14 2448 164 2506; x_wconf 76' lang='lat' dir='ltr'>terris,</span> <span class='ocrx_word' id='word_1_236' title='bbox 189 2456 233 2494; x_wconf 77' lang='lat' dir='ltr'>el</span> <span class='ocrx_word' id='word_1_237' title='bbox 255 2465 357 2494; x_wconf 83' lang='lat' dir='ltr'>cum</span> <span class='ocrx_word' id='word_1_238' title='bbox 382 2446 644 2495; x_wconf 74' lang='lat' dir='ltr'>hominibus</span> <span class='ocrx_word' id='word_1_239' title='bbox 673 2458 958 2499; x_wconf 73' lang='lat' dir='ltr'>conversatus</span> <span class='ocrx_word' id='word_1_240' title='bbox 975 2459 1058 2501; x_wconf 81' lang='lat' dir='ltr'>est.</span> 
     </span>
    </p>

    <p class='ocr_par' dir='ltr' id='par_1_12' title="bbox 11 2518 1578 2664">
     <span class='ocr_line' id='line_1_32' title="bbox 79 2518 1578 2590; baseline 0.002 -19"><span class='ocrx_word' id='word_1_241' title='bbox 79 2519 240 2586; x_wconf 89' lang='lat' dir='ltr'>Itaque</span> <span class='ocrx_word' id='word_1_242' title='bbox 259 2518 512 2570; x_wconf 88' lang='lat' dir='ltr'>Incarnatio</span> <span class='ocrx_word' id='word_1_243' title='bbox 535 2519 636 2572; x_wconf 81' lang='lat' dir='ltr'>Filii</span> <span class='ocrx_word' id='word_1_244' title='bbox 657 2520 748 2574; x_wconf 86' lang='lat' dir='ltr'>Dei</span> <span class='ocrx_word' id='word_1_245' title='bbox 787 2524 867 2585; x_wconf 89' lang='lat' dir='ltr'>fuit</span> <span class='ocrx_word' id='word_1_246' title='bbox 889 2530 984 2590; x_wconf 85' lang='lat' dir='ltr'>ejus</span> <span class='ocrx_word' id='word_1_247' title='bbox 1024 2529 1052 2576; x_wconf 73' lang='lat' dir='ltr'>a</span> <span class='ocrx_word' id='word_1_248' title='bbox 1079 2525 1216 2577; x_wconf 90' lang='lat' dir='ltr'>Patre</span> <span class='ocrx_word' id='word_1_249' title='bbox 1238 2527 1412 2587; x_wconf 78' lang='lat' dir='ltr'>missio,</span> <span class='ocrx_word' id='word_1_250' title='bbox 1452 2523 1578 2576; x_wconf 78' lang='lat' dir='ltr'>etad</span> 
     </span>
     <span class='ocr_line' id='line_1_33' title="bbox 11 2598 492 2664; baseline 0.002 -14"><span class='ocrx_word' id='word_1_251' title='bbox 11 2598 226 2650; x_wconf 88' lang='lat' dir='ltr'>homines</span> <span class='ocrx_word' id='word_1_252' title='bbox 254 2599 492 2664; x_wconf 83' lang='lat' dir='ltr'>delegatio.</span> 
     </span>
    </p>

    <p class='ocr_par' dir='ltr' id='par_1_13' title="bbox 0 2678 588 2735">
     <span class='ocr_line' id='line_1_34' title="bbox 0 2678 588 2735; baseline 0.003 -9"><span class='ocrx_word' id='word_1_253' title='bbox 0 2692 2 2735; x_wconf 64' lang='lat' dir='ltr'>l</span> <span class='ocrx_word' id='word_1_254' title='bbox 37 2723 47 2728; x_wconf 83' lang='grc'>.,</span> <span class='ocrx_word' id='word_1_255' title='bbox 78 2678 283 2729; x_wconf 79' lang='lat' dir='ltr'>Factum</span> <span class='ocrx_word' id='word_1_256' title='bbox 305 2695 365 2725; x_wconf 78' lang='lat' dir='ltr'>ex</span> <span class='ocrx_word' id='word_1_257' title='bbox 386 2678 588 2728; x_wconf 76' lang='lat' dir='ltr'>muliere.</span> 
     </span>
    </p>

    <p class='ocr_par' dir='ltr' id='par_1_14' title="bbox 0 2750 1042 2828">
     <span class='ocr_line' id='line_1_35' title="bbox 0 2750 1042 2828; baseline 0.006 -23"><span class='ocrx_word' id='word_1_258' title='bbox 0 2750 3 2828; x_wconf 67' lang='lat' dir='ltr'>l</span> <span class='ocrx_word' id='word_1_259' title='bbox 76 2754 231 2822; x_wconf 89' lang='lat' dir='ltr'>Hujus</span> <span class='ocrx_word' id='word_1_260' title='bbox 251 2759 476 2808; x_wconf 88' lang='lat' dir='ltr'>missionis</span> <span class='ocrx_word' id='word_1_261' title='bbox 496 2758 659 2808; x_wconf 82' lang='lat' dir='ltr'>modus</span> <span class='ocrx_word' id='word_1_262' title='bbox 690 2763 978 2827; x_wconf 70' lang='lat' dir='ltr'>exprimitur.</span> <span class='ocrx_word' id='word_1_263' title='bbox 1037 2801 1042 2806; x_wconf 94' lang='lat'>.</span> 
     </span>
    </p>

    <p class='ocr_par' dir='ltr' id='par_1_15' title="bbox 0 2829 1573 2983">
     <span class='ocr_line' id='line_1_36' title="bbox 0 2829 1573 2902; baseline 0.003 -17"><span class='ocrx_word' id='word_1_264' title='bbox 0 2829 3 2885; x_wconf 67' lang='lat' dir='ltr'>l</span> <span class='ocrx_word' id='word_1_265' title='bbox 57 2830 182 2883; x_wconf 77' lang='lat' dir='ltr'>‘Non</span> <span class='ocrx_word' id='word_1_266' title='bbox 203 2833 285 2885; x_wconf 88' lang='lat' dir='ltr'>fuit</span> <span class='ocrx_word' id='word_1_267' title='bbox 309 2844 482 2886; x_wconf 88' lang='lat' dir='ltr'>creatus</span> <span class='ocrx_word' id='word_1_268' title='bbox 509 2843 558 2885; x_wconf 89' lang='lat' dir='ltr'>ut</span> <span class='ocrx_word' id='word_1_269' title='bbox 576 2834 728 2887; x_wconf 88' lang='lat' dir='ltr'>Adam</span> <span class='ocrx_word' id='word_1_270' title='bbox 746 2876 760 2902; x_wconf 87' lang='lat'>‚</span> <span class='ocrx_word' id='word_1_271' title='bbox 783 2840 865 2888; x_wconf 90' lang='lat' dir='ltr'>sed</span> <span class='ocrx_word' id='word_1_272' title='bbox 887 2838 1029 2890; x_wconf 85' lang='lat' dir='ltr'>sactus</span> <span class='ocrx_word' id='word_1_273' title='bbox 1062 2856 1121 2889; x_wconf 86' lang='lat' dir='ltr'>ex</span> <span class='ocrx_word' id='word_1_274' title='bbox 1142 2841 1392 2892; x_wconf 86' lang='lat' dir='ltr'>substantia</span> <span class='ocrx_word' id='word_1_275' title='bbox 1421 2839 1573 2890; x_wconf 63' lang='lat' dir='ltr'>beatae</span> 
     </span>
     <span class='ocr_line' id='line_1_37' title="bbox 6 2904 1569 2983; baseline 0.005 -24"><span class='ocrx_word' id='word_1_276' title='bbox 6 2904 224 2973; x_wconf 79' lang='lat' dir='ltr'>Virginis,</span> <span class='ocrx_word' id='word_1_277' title='bbox 249 2928 332 2976; x_wconf 76' lang='lat' dir='ltr'>por</span> <span class='ocrx_word' id='word_1_278' title='bbox 353 2914 662 2977; x_wconf 87' lang='lat' dir='ltr'>operationem</span> <span class='ocrx_word' id='word_1_279' title='bbox 683 2912 837 2965; x_wconf 87' lang='lat' dir='ltr'>Sancti</span> <span class='ocrx_word' id='word_1_280' title='bbox 874 2913 1083 2982; x_wconf 63' lang='lat' dir='ltr'>Spiritum,</span> <span class='ocrx_word' id='word_1_281' title='bbox 1114 2925 1159 2968; x_wconf 84' lang='lat' dir='ltr'>et</span> <span class='ocrx_word' id='word_1_282' title='bbox 1184 2934 1243 2968; x_wconf 86' lang='lat' dir='ltr'>ex</span> <span class='ocrx_word' id='word_1_283' title='bbox 1273 2917 1370 2983; x_wconf 66' lang='lat' dir='ltr'>ipsa</span> <span class='ocrx_word' id='word_1_284' title='bbox 1403 2926 1569 2976; x_wconf 82' lang='lat' dir='ltr'>natus;</span> 
     </span>
    </p>
   </div>
   <div class='ocr_carea' id='block_1_3' title="bbox 0 2888 3 3012">
    <p class='ocr_par' dir='ltr' id='par_1_16' title="bbox 0 2888 3 3012">
     <span class='ocr_line' id='line_1_38' title="bbox 0 2888 3 3012; baseline 0 0"><span class='ocrx_word' id='word_1_285' title='bbox 0 2888 3 3012; x_wconf 95' lang='lat' dir='ltr'> </span> 
     </span>
    </p>
   </div>
  </div>
 </body>
</html>
