1794 3210
382 108 612 145 'ruipux
646 90 928 150 Exposino.
969 96 1088 164 Cap.
1125 96 1242 152 III.
1508 99 1542 151 3
1550 118 1614 171 79

519 285 853 322 OBsERVATro
896 287 1162 324 moruus»

101 421 279 478 Galatae
290 425 509 492 Spiritum
525 435 728 494 sanctum
745 427 983 477 visibiliter
1001 430 1284 493 acceperant,
1302 430 1511 480 miracula
1532 431 1604 482 fe-

30 514 187 556 cerant
203 543 218 568 ,
249 508 395 555 varias
428 522 512 569 pro
549 501 732 573 Christo
757 507 992 568 passiones
1025 514 1077 556 et
1101 509 1439 570 persecutiones
1476 507 1607 556 tole*

30 591 274 641 πιπτει-επις
295 591 343 632 et
362 589 464 647 post
486 589 553 631 tot
573 587 697 632 recte
717 581 833 632 sacta
855 592 900 632 et
921 600 1135 650 perpessa
1160 586 1421 635 exciderant
1442 589 1468 642 a
1489 602 1604 649 gra-

26 660 107 708 tia.

100 730 220 796 Quis
235 750 348 799 ergo
366 752 463 785 non
481 735 672 785 timeat?
689 754 782 785 uno
802 745 987 803 peccato
1011 745 1158 802 potest
1180 740 1314 788 totius
1338 741 1382 787 vi
1390 747 1448 789 tae
1463 755 1598 788 sanca

21 812 136 860 titas*
165 820 216 860 et
239 815 453 862 meritum
482 813 671 878 deperdi
693 834 705 864 ε
731 816 999 876 timeamus,
1029 813 1344 876 humiliemur,
1386 831 1602 864 oremus:

25 887 95 936 Et
107 907 167 938 ne
185 907 271 937 nos
290 891 556 940 inducas...

93 969 161 1022 At
186 976 226 1022 si
246 973 633 1042 perfragilitatem
660 977 899 1039 cecideris,
930 993 989 1025 ne
1027 976 1273 1040 desperes;
1301 980 1336 1027 si
1365 980 1490 1027 enim
1511 995 1604 1026 vo·

19 1047 176 1111 luetis,
200 1054 373 1114 poteris
406 1069 486 1114 per
510 1049 679 1100 Christi
717 1055 902 1114 gratiam
925 1051 982 1100 ad
1004 1050 1158 1100 Deum
1178 1055 1414 1110 converti;
1443 1060 1488 1101 et
1514 1069 1602 1117 per

25 1129 340 1190 paenitentiam
369 1133 441 1176 tua
464 1129 743 1175 reviviscent
773 1145 910 1191 opera
944 1129 1083 1178 bona.

90 1197 356 1252 Galatamm
377 1221 502 1253 error
526 1207 551 1252 a
571 1206 749 1254 curioso
774 1203 988 1254 falsorum
1011 1205 1250 1255 doctorum
1272 1205 1422 1255 auditu
1443 1222 1600 1255 exor-

15 1293 99 1328 sus
121 1287 208 1328 est.

87 1361 169 1414 Sic
189 1368 314 1430 saepe
346 1359 714 1415 curiosior'unius
741 1366 845 1415 mali
864 1367 964 1429 libri
998 1368 1150 1429 lectio,
1191 1385 1281 1418 una
1304 1386 1406 1418 cum
1434 1370 1597 1419 nebu-

15 1442 203 1493 ionibus
224 1444 435 1493 audacior
458 1452 502 1493 et
523 1444 707 1494 liberior
729 1448 1031 1506 conversati0‚
1060 1448 1199 1497 fidem
1223 1452 1269 1497 in
1307 1457 1463 1498 mente
1492 1449 1593 1498 de-

12 1522 174 1580 struit,
203 1537 407 1570 errorem
436 1523 482 1570 in
510 1521 628 1571 illam
654 1521 847 1585 inducit,
881 1540 959 1572 cor
982 1523 1038 1571 ad
1059 1525 1359 1575 rebellionem
1379 1525 1595 1591 impellit.

88 1603 309 1672 Hineque
338 1607 528 1656 carnalia
549 1607 771 1656 desideria
789 1616 835 1657 et
856 1625 1018 1672 opera;
1050 1609 1173 1658 unde
1196 1616 1238 1657 et
1266 1625 1391 1656 mors
1408 1611 1593 1671 animae,

11 1681 233 1735 alienatio
252 1689 280 1734 a
305 1683 434 1749 Deo,
455 1688 660 1734 omnium
683 1686 880 1752 denique
907 1688 1135 1735 bonorum
1161 1686 1433 1750 deperditio.

85 1771 155 1836 Y.
177 1774 225 1824 5.
252 1774 351 1841 Qui
379 1794 483 1838 ergo
526 1776 703 1824 tribuit.
730 1771 814 1825 Gr.
839 1776 1204 1825 subministrans,
1233 1772 1376 1839 Syrus
1406 1774 1596 1824 indidit.

18 1853 165 1902 Vobis
192 1854 409 1916 spiritum
426 1887 439 1912 ,
475 1860 520 1899 et
559 1861 790 1915 operatur.
821 1847 905 1902 Gr.
932 1851 1155 1913 efficiens,
1181 1850 1228 1900 id
1255 1858 1357 1911 est,
1397 1852 1473 1916 qui
1504 1866 1594 1915 per

9 1948 146 1980 suam
178 1932 277 1981 vim
316 1937 527 1994 operatur
560 1930 798 1990 miracula,
836 1931 883 1978 in
916 1932 1077 1989 vobis,
1108 1929 1160 1978 id
1191 1937 1291 1990 est,
1325 1931 1443 1978 inter
1468 1946 1554 1978 vos
1575 1948 1592 1977 :

11 2007 134 2059 forte
170 2018 301 2060 erant
339 2009 520 2072 quidam
547 2027 700 2059 errore
735 2026 830 2059 non
861 2012 1057 2075 corrupti
1089 2012 1164 2076 qui
1198 2007 1347 2058 adhuc
1373 2006 1594 2057 miracula

11 2090 281 2155 patrabant:
304 2088 378 2137 vel
409 2097 640 2153 operatur,
665 2105 747 2152 pro
775 2089 1070 2154 operabatur.

84 2162 280 2230 Repetit
302 2166 493 2229 primam
516 2163 758 2227 rationem,
787 2173 835 2214 ut
855 2173 1007 2214 nectat
1030 2181 1134 2214 cum
1157 2161 1356 2213 secunda
1377 2164 1423 2211 in
1449 2180 1591 2213 versu

6 2249 239 2308 sequente
259 2250 488 2292 contenta.

8 2380 11 2382 s
81 2323 206 2389 Quia
235 2326 523 2381 manifestum
553 2336 645 2378 erat
681 2329 805 2394 quod
831 2325 1003 2378 Galatae
1026 2329 1287 2393 responsuri
1320 2335 1478 2390 erant,
1498 2346 1592 2391 pct-

0 2404 190 2471 fidem,·
215 2404 335 2455 hanc
357 2409 702 2471 responsionem
732 2424 994 2472 supponens
1016 2404 1265 2472 Apostolus
1286 2414 1332 2455 et
1352 2409 1401 2456 in
1426 2414 1590 2456 mente

7 2484 190 2536 habens
212 2525 228 2551 ,
270 2489 395 2552 quasi
434 2478 555 2536 iilain
574 2489 728 2537 verbis
754 2492 1062 2554 expresserit,
1094 2489 1411 2553 prosequitur:

80 2563 150 2630 ff.
173 2566 223 2617 6.
242 2562 380 2613 Sicut
405 2567 627 2630 scriptum
652 2574 720 2613 est
741 2583 757 2610 .-
788 2567 1037 2615 Abraham
1061 2566 1253 2614 credidit
1277 2567 1446 2615 Dea...

82 2650 250 2704 Paucis
288 2654 368 2704 hic
398 2655 507 2704 dicit
538 2655 662 2720 quod
687 2654 826 2705 susius
854 2655 913 2705 ad
937 2653 1080 2705 Rom.
1117 2654 1178 2716 4,
1221 2649 1288 2716 JV.
1318 2671 1383 2723 93
1420 2660 1586 2720 estque

7 2731 268 2789 secundum
301 2741 616 2797 argumentum
643 2750 733 2800 quo
760 2733 943 2795 probat,
972 2749 1031 2782 ex
1058 2732 1181 2793 fide,
1210 2749 1305 2782 non
1334 2748 1393 2781 ex
1423 2732 1585 2794 operi-

9 2809 100 2860 bus
120 2811 232 2875 legis
251 2847 266 2872 ,
298 2810 398 2860 fleri
420 2811 788 2873 justificationem
804 2847 816 2869 ‚
843 2811 900 2859 ab
926 2808 1141 2873 exemplo
1173 2805 1376 2859 Abrahae
1401 2805 1590 2857 deduc-

1 2892 140 2950 lum,
163 2887 244 2951 qui
279 2895 388 2938 ante
428 2889 821 2939 circumcisionem
840 2895 890 2940 et
925 2886 1067 2939 multo
1089 2895 1194 2939 ante
1226 2887 1376 2953 legem
1404 2884 1583 2950 iustififf
