1690 3230
433 128 660 169 minax
687 116 987 178 'exposma
1031 113 1148 180 Cap.
1183 115 1259 165 1.·
1557 131 1619 180 17

25 211 261 268 mortuos.
278 196 362 252 Gr.
387 201 470 253 sed
495 205 541 252 in
564 201 667 254 Deo
689 204 920 253 excitante
942 209 1176 260 mortuos;
1201 201 1284 252 sed
1300 203 1346 251 in
1366 199 1478 251 Deo
1495 202 1614 262 solo,

27 283 120 348 qui
157 297 255 330 non
294 298 320 328 a
359 280 570 346 periculis
607 285 784 331 tantum
819 284 979 331 mortis
1002 279 1189 342 liberat,
1220 280 1303 329 sed
1337 288 1381 331 et
1421 281 1481 330 ab
1524 283 1621 348 ipsa

3 375 7 379 ·
45 366 212 409 morte.
299 410 303 415 ,

113 428 221 490 Nos
247 429 375 505 quasi
400 427 631 487 suscitavit
655 442 680 488 ὲ
706 439 919 489 mortuis.

116 514 188 583 Υ.
215 535 293 566 10.
319 515 418 581 Qui
439 516 494 564 de
517 513 663 564 tantis
690 516 927 580 periculis.
960 511 1045 564 Gr.
1087 517 1163 581 qui
1200 515 1260 565 de
1292 522 1415 565 tanta
1453 523 1619 566 morte.

0 504 1 633 i
44 587 179 644 Vide
196 590 521 658 paraphrasim.
1035 640 1038 641 γ

70 669 171 727 “Υ.
203 689 223 720 1
239 689 281 722 1.
305 670 654 737 Adjuoanlibus
678 679 724 720 ct
743 671 919 720 vobl‘s
898 690 946 720 m
970 672 1210 721 ονάίιοηε..
1218 707 1246 732 .,
1279 670 1326 719 id
1349 678 1446 733 est,
1472 672 1512 725 si
1535 687 1620 735 per

45 752 220 802 vestras
231 751 289 802 ad
311 746 464 803 Deum
489 769 647 818 preces
662 752 798 815 adjuv
804 755 915 813 etis,
940 761 990 800 ut
1005 771 1066 800 em
1087 753 1334 801 multorum
1357 757 1618 817 personia..

47 831 96 883 id
117 835 142 883 a
163 833 297 883 vobis
316 841 424 900 peto
442 840 490 883 ut
508 832 680 881 donum
700 829 817 893 Dei,
840 828 923 882 Gr.
945 831 1013 882 illa
1032 834 1077 882 in
1102 850 1185 882 nos
1206 832 1390 882 donatio
1413 831 1618 893 (scilicet

22 903 379 971 incolumitas)
401 909 515 959 mihi
555 927 638 976 per
663 909 828 958 multos
851 919 1110 974 procurata,
1138 909 1212 959 vel
1239 919 1423 976 propter
1450 909 1618 959 multos

47 986 205 1037 collata
217 1024 231 1048 ,
243 984 276 1036 'a
297 979 446 1036 munis
461 988 703 1049 gratiarum
719 987 896 1034 actione
912 1022 924 1045 ,
946 983 1049 1052 mea
1066 989 1190 1047 vice,
1212 991 1412 1054 meoque
1427 988 1618 1038 nomine

43 1064 300 1116 recolatur:
329 1061 500 1127 duplex
522 1079 631 1126 ergo
657 1070 808 1128 potest
838 1079 937 1115 esse
959 1079 1138 1113 sensus·
1196 1103 1201 1112 ,

37 1181 51 1185 -
113 1135 332 1206 Primus,
350 1147 399 1190 ut
418 1142 534 1190 sicut
558 1139 637 1189 suit
659 1157 739 1205 per
755 1140 917 1190 multos
934 1148 1221 1206 procuratum
1250 1140 1421 1191 donum
1439 1177 1453 1203 ,
1478 1142 1539 1190 ita
1568 1149 1616 1191 et

15 1211 31 1233 ³
49 1236 134 1287 per
159 1210 324 1269 rimltos
346 1218 404 1268 de
423 1236 480 1269 eo
509 1221 663 1285 gratim
686 1217 947 1269 reddantur.

24 1303 27 1307 '
112 1291 354 1346 *Secundus
372 1333 386 1359 ,
410 1303 457 1345 ut
485 1298 600 1346 sicut
623 1303 805 1362 propter
827 1296 991 1346 multos
1013 1294 1126 1345 mihi
1155 1296 1362 1346 collatum
1379 1305 1447 1347 est
1467 1297 1618 1346 bene-

47 1366 232 1434 ficium;
258 1376 317 1424 ita
340 1392 421 1440 per
442 1374 632 1436 multos,
662 1392 768 1424 meo
804 1378 1020 1438 nomine,
1045 1375 1297 1424 recolatur:
1323 1393 1402 1425 seu
1421 1412 1432 1429 ,
1472 1382 1520 1424 ut
1557 1376 1621 1424 ait

14 1451 114 1506 ΧΙ).
147 1451 543 1519 chrysostomus,
579 1463 626 1504 ut
656 1453 812 1504 multae
853 1453 989 1503 facies
1022 1453 1132 1514 (seu
1168 1455 1414 1520 personae)
1457 1455 1619 1518 gratias
1675 1487 1678 1491 -

48 1538 183 1596 agant
209 1527 347 1592 Deo,
371 1529 740 1597 quandoquidem
755 1530 907 1579 multae
923 1548 1105 1596 quoque
1123 1534 1309 1594 gratiam
1326 1548 1403 1580 acc
1409 1537 1621 1595 eperunt.

117 1601 180 1655 Et
203 1613 395 1672 uterque
419 1623 578 1655 sensus
595 1602 771 1655 Paulini
794 1605 1251 1656 cordishumilitatem
1271 1605 1436 1670 prodit.
1456 1602 1618 1654 Primo

37 1686 100 1737 Ain
117 1683 209 1734 hoc
230 1684 353 1751 quod
370 1702 458 1735 nec
479 1688 565 1734 ase
584 1702 700 1748 ‚nec
719 1693 904 1750 propter
924 1702 972 1734 se
987 1721 999 1745 ,
1019 1692 1142 1748 putat
1165 1685 1404 1734 obtentum
1425 1683 1619 1735 donum.

46 1757 264 1813 Secundo
300 1765 345 1813 in
369 1779 426 1811 eo
454 1761 577 1826 quod
598 1763 711 1811 sicut
733 1780 819 1810 nec
844 1764 969 1826 ipse,
994 1779 1081 1810 nec
1105 1769 1290 1827 propter
1311 1778 1360 1810 se
1388 1761 1615 1819 obtinuit,

48 1841 111 1889 ita
131 1855 218 1888 nec
237 1847 364 1903 putat
391 1857 442 1889 se
464 1838 651 1903 dignum
667 1876 680 1901 ,
707 1842 782 1905 qui
805 1841 1049 1903 gratiarum
1067 1841 1295 1888 actionem
1319 1838 1496 1888 reddat.

53 1955 73 1964 ..
116 1914 261 1966 Disce
283 1915 421 1980 hinc,
460 1919 660 1983 quisquis
684 1920 743 1966 sis
761 1955 772 1975 ‚
814 1918 938 1983 quiid
962 1916 1150 1965 aliorum
1181 1917 1388 1980 precibus
1409 1914 1616 1981 indigeS,

47 1997 152 2060 cirm
172 1992 272 2061 ipse
294 1991 460 2044 Paulus
483 1985 831 2046 ¹Corinthiorum
857 1996 1066 2060 precibus
1089 1995 1346 2057 indiguerit.

11 2064 37 2134 2
116 2067 268 2128 Disce
291 2081 334 2123 et
353 2072 463 2122 hinc
484 2091 564 2137 pro
589 2073 684 2123 aliis
707 2073 937 2123 humiliter
961 2090 1112 2132 orare;
1138 2081 1182 2122 et
1199 2090 1279 2137 pro
1299 2073 1536 2123 beneficiis
1552 2073 1618 2122 eis

46 2147 76 2199 a
96 2143 205 2198 Deo
227 2147 425 2209 coilatis,
450 2150 610 2214 gratias
638 2166 790 2214 agere.

117 2222 376 2294 Utrumque
396 2223 459 2286 D.
483 2222 843 2292 Chrysostomus
864 2225 961 2277 fuse
985 2227 1142 2285 docet;
1178 2230 1243 2277 sic
1270 2230 1420 2290 enim,
1441 2228 1614 2293 inquit,

47 2312 94 2356 et
111 2307 373 2357 mandatum
401 2305 672 2374 expiemus,
698 2314 741 2356 et
763 2306 820 2355 ad
842 2305 1106 2357 charitatem
1132 2309 1385 2357 incitamur.

22 2444 28 2454 ι
116 2379 175 2437 Ῠ.
199 2403 277 2435 12.
293 2385 371 2450 N
341 2405 421 2434 am
433 2388 582 2448 gloria
595 2394 804 2435 nostra...
826 2388 950 2451 quasi
968 2385 1163 2436 diceret:
1183 2383 1293 2434 Hoc
1313 2401 1464 2458 spero.
1496 2382 1620 2450 Vide

46 2447 370 2537 paraphrasim.
396 2459 514 2526 Quia
537 2463 613 2512 ubi
639 2465 964 2513 conscientiam
985 2481 1136 2513 meam
1162 2463 1378 2524 consulo,
1406 2454 1476 2512 ilia
1506 2462 1624 2512 mihi

49 2532 360 2590 testimonium
386 2539 566 2604 reddit,
592 2541 714 2605 quod
738 2549 807 2592 est
833 2559 935 2592 mea
952 2539 1163 2607 gloriatio
1187 2558 1455 2608 ‚meumque
1487 2557 1616 2606 gau-

49 2614 194 2667 dium.

96 2691 304 2759 ριιὸᾱ
286 2712 334 2744 m
359 2695 664 2760 szmplicz'tate
684 2698 834 2747 cordis
857 2706 902 2745 et
921 2699 1183 2748 si-nccntate
1209 2694 1320 2749 Dei.

45 2755 375 2835 Nimirum,
405 2774 530 2840 quod
555 2777 707 2825 animo
730 2775 951 2843 simplici,
970 2785 1096 2828 recto
1116 2785 1161 2828 et
1181 2780 1361 2827 sincero
1384 2791 1460 2823 me
1485 2754 1626 2840 gessi,

53 2852 179 2929 qnasi
192 2859 440 2921 spectante
459 2850 587 2904 Deo.

108 2913 287 2980 Non
257 2947 307 2977 m
330 2948 428 2995 sap
426 2933 561 2981 cutm
588 2932 786 2985 carnali.
851 2944 853 2946 '

255 3010 328 3049 111.
1068 3049 1076 3053 ,
1295 3021 1298 3025 ’
1337 3017 1396 3052 le
