1794 3210
359 60 611 111 ιιιιιιιιιι
640 30 1573 121 mosi-r1o.cap.ll.2'63
1605 63 1613 85 2

14 150 125 210 m*
111 187 128 214 ‚
173 147 258 200 sed
297 157 344 200 et
387 166 465 200 cor
502 144 587 198 fuit
624 141 737 198 mira
771 141 1013 210 voluptatis
1050 137 1292 191 dulcedine
1330 133 1617 202 perfusum«.-

31 227 293 282 &Tertium
329 246 438 295 ergo
460 227 627 278 coelum
649 226 836 276 denotat
853 219 1139 274 altitudinem
1163 226 1207 268 et
1244 213 1578 283 perfectionem

14 299 318 377 agnitionis:
342 306 574 374 paradisus
596 308 708 357 verb
728 304 933 354 divinam
956 297 1106 349 cordis
1127 295 1428 360 voluptatem.

68 386 145 436 Ee
165 382 362 449 audium
390 385 543 436 auditu
569 379 814 450 spirituali,
834 380 883 429 id
905 385 1005 440 est,
1025 374 1286 426 intellexit:
1307 373 1481 423 etenim
1501 372 1576 421 in-

18 463 219 517 tellectio
241 474 309 516 est
328 467 492 516 animae
506 465 630 512 visus
649 470 695 511 et
722 459 914 510 auditus.

82 539 216 593 Dixit
246 551 396 592 autem
431 541 636 602 audivit,
663 541 814 605 potius
835 540 974 605 quam
1008 534 1155 596 vidit,
1187 533 1291 598 quia
1315 528 1374 581 de
1395 529 1580 582 arcanis

15 619 97 670 suit
121 624 363 671 instructus
387 621 445 672 ab
469 619 590 679 ali03
620 620 859 669 instructio
882 623 1032 679 autem
1055 613 1105 665 fit
1139 629 1223 679 per
1257 608 1488 670 auditum,
1518 608 1581 658 ait

14 691 82 746 D.
106 690 152 743 Τ
156 693 335 744 homas.

36 811 39 826 ,
86 776 280 823 Arcana
314 773 478 826 ver-ba.
502 766 589 822 Gr.
613 770 858 822 ineffabilia
876 768 1048 828 verba,
1079 764 1128 816 id
1153 771 1250 827 est,
1276 779 1350 815 res
1378 759 1582 827 inexpli-

17 849 201 900 cabiles.

86 929 208 994 Quae
236 946 329 979 non
357 931 519 980 licet...
525 943 667 994 (lu-²¹³
690 944 789 977 non
814 933 1007 993 possunt
1027 923 1084 974 ab
1109 922 1301 973 homine
1326 895 1577 987 explicari:

17 1006 119 1067 quia
139 1008 203 1056 rei
224 1005 486 1070 magnitudo
513 1011 693 1069 superat
711 1019 901 1052 omnem
924 1001 1091 1066 eloquii
1112 997 1385 1049 facultatem.

82 1081 164 1152 An
185 1080 344 1134 Divus
366 1081 534 1134 Paulus
557 1083 761 1133 divinam
784 1081 952 1132 viderit
973 1078 1250 1129 essentiam?

82 1158 299 1215 Affirmat
329 1157 477 1211 Divus
501 1156 785 1226 Augustinus
807 1159 889 1209 lib.
917 1176 974 1208 12
997 1193 1011 1218 ,
1049 1173 1151 1220 cap.
1173 1152 1239 1204 28
1260 1152 1317 1204 de
1343 1150 1517 1204 GeneS.
1541 1159 1586 1203 et

14 1239 203 1292 refertur
218 1244 244 1289 a
258 1237 548 1291 Fromondo
573 1236 816 1292 Affirmant
834 1246 879 1289 et
891 1233 953 1288 D.
974 1232 1353 1302 ChrysostomuS,
1371 1230 1435 1284 D.
1449 1228 1587 1282 Tho-

15 1336 142 1378 mas,
172 1314 245 1369 D.
271 1314 542 1370 Anselmus.

84 1380 270 1466 Negant
293 1408 445 1450 tamen
468 1400 672 1465 plerique
696 1398 992 1449 recentiores,
1013 1392 1136 1447 Vide
1154 1392 1351 1445 Estium.

86 1475 156 1539 Υ.
194 1476 242 1527 5.
276 1475 370 1524 Pro
394 1475 693 1544 hujusmodi,
719 1474 891 1529 scilicet
929 1471 1156 1533 homine,
1178 1471 1226 1521 id
1253 1478 1355 1532 est,
1388 1487 1472 1538 pro
1507 1468 1584 1521 tali

16 1553 208 1604 homine
227 1591 240 1618 ,
269 1555 334 1604 sic
355 1556 381 1602 ὲ
404 1549 547 1604 Deo‘
535 1571 582 1603 ιιι
606 1552 772 1603 coelum
795 1559 956 1621 rapto,
980 1550 1243 1614 glormbor:
1266 1548 1314 1598 id
1337 1555 1436 1612 est,
1461 1545 1589 1613 p'osf

18 1647 114 1682 sem
131 1628 323 1695 gloriari.

88 1709 182 1758 Pro
224 1706 301 1757 'me
340 1717 499 1758 autem
532 1727 625 1758 non
661 1706 926 1772 gloriabor,
954 1706 1051 1756 m‘si
1069 1706 1118 1754 ιή
1160 1701 1519 1768 infirmitatibus
1539 1708 1586 1751 et

18 1779 303 1855 passionibus
323 1789 461 1850 meis,
483 1805 581 1854 quae
605 1804 679 1837 me
703 1786 843 1838 vilem
862 1784 1058 1835 reddunt
1079 1819 1093 1845 ‚
1117 1790 1161 1832 et
1184 1780 1450 1831 hominibus
1468 1790 1598 1829 con·‘

18 1863 338 1934 templibilem.

86 1937 246 2006 Pergit
268 1941 326 1990 de
346 1939 434 1989 illo
447 1938 640 1990 homine
660 1935 808 2004 loqui,
838 1940 965 2004 quasi
989 1937 1046 1986 de
1069 1935 1155 1987 alio
1180 1939 1206 1985 a
1229 1951 1297 1985 se

0 2079 2 2088 Ι
79 2018 266 2094 Revera
289 2019 433 2069 homo
458 2016 550 2069 Dei
586 2020 730 2070 donis
763 2019 1043 2079 cumulatus,
1073 2024 1140 2068 est
1169 2017 1280 2066 alius
1302 2015 1360 2065 ab
1393 2013 1587 2064 homine

0 2098 68 2148 in
91 2087 140 2147 se
159 2095 478 2157 considerato,
507 2104 554 2146 et
573 2105 622 2145 ut
638 2094 972 2147 infirmitatibus
996 2093 1289 2144 circumdato.
1301 2112 1327 2123 ·“

72 2166 212 2224 Haec
235 2192 344 2241 ergo
369 2174 496 2225 duo
484 2191 530 2224 m
553 2191 605 2224 se
640 2175 924 2240 distinguens
945 2169 1229 2238 Apostolu3‚
1258 2172 1354 2220 ait:
1383 2166 1584 2220 Possem

22 2252 82 2306 de
118 2253 191 2302 tali
231 2251 450 2315 homine,
472 2247 572 2303 Dei
596 2255 748 2319 gratiis
779 2252 1032 2315 cumulato,
1060 2250 1274 2315 gloriari,
1295 2251 1341 2298 in
1375 2245 1584 2299 Domino

21 2318 225 2384 scilicet:
246 2350 324 2383 seu
348 2329 604 2383 Dominum
621 2334 681 2383 ob
703 2351 782 2385 sua
803 2333 924 2384 dona
958 2329 1211 2393 laudando,
1241 2346 1522 2396 omnemque
1543 2331 1586 2381 ei

0 2401 209 2476 gloriam
224 2406 467 2460 referendo
484 2429 498 2462 ι

73 2481 163 2536 At
170 2485 287 2536 malo
309 2485 367 2535 'ad
389 2502 513 2538 meas
539 2480 772 2537 attendere
789 2485 1109 2548 infirmitates
1127 2491 1173 2535 ef
1200 2481 1259 2534 de
1286 2484 1351 2533 eis
1376 2481 1583 2548 gloriari,

21 2567 71 2614 in
108 2578 198 2629 quo
225 2563 376 2613 ιιιίιιιι3
398 2571 466 2614 est
487 2550 694 2630 penculr
731 2565 864 2649 quia,
892 2571 940 2614 ut
972 2565 1034 2613 ait
1059 2558 1370 2624 Ambrosius,
1399 2561 1449 2611 id
1489 2575 1584 2610 non

0 2637 203 2694 videtur
219 2637 499 2704 gloriosum,
520 2639 602 2690 sed
622 2637 815 2690 flebile.

89 2725 287 2788 Homini
326 2727 570 2780 christiano
606 2727 721 2780 nihil
757 2716 849 2780 tam
885 2726 1228 2797 periculosum,
1259 2729 1396 2794 quarn
1437 2723 1589 2776 cordis

0 2788 178 2854 elatio.
195 2801 251 2853 Id
271 2803 443 2870 patebit
465 2824 524 2858 ex
554 2806 622 2873 Υ.
647 2825 693 2876 7.
715 2804 844 2858 Hinc
864 2807 1043 2857 homini
1064 2804 1309 2856 christiano
1329 2810 1508 2871 praestat
1530 2803 1589 2853 ad

0 2882 120 2973 *suas
140 2881 423 2937 infirmitates
444 2887 681 2940 attendere
703 2924 718 2954 ‚
745 2890 880 2955 quam
896 2886 952 2939 ad
974 2903 1075 2938 suas
1097 2883 1421 2945 excellentias·
1446 2880 1591 2933 humi

0 2995 3 3078 l
