1794 3210
420 53 648 95 ‘rnrpmx
681 57 972 94 exposrrro.
1008 41 1126 105 Cap.
1149 41 1178 90 1
1181 35 1249 94 V.
1514 37 1620 100 435

24 188 26 190 .
48 130 245 187 formam
262 115 370 184 sese
382 132 688 192 transformet,
706 127 762 186 Ϋ.
788 151 807 182 1
819 131 865 181 5.
886 128 953 181 Sit
975 138 1128 196 pater,
1151 131 1206 179 sit
1224 135 1395 188 mater-3
1417 137 1462 180 at
1475 133 1623 179 mater

36 206 269 265 ”continue
290 213 540 278 parturiens
555 249 570 274 ‚
593 212 806 259 continue
826 208 1035 257 laborans
1055 214 1100 256 et
1118 205 1295 272 patiens
1311 245 1325 269 ‚
1346 215 1397 256 ut
1415 204 1627 261 Christus

53 292 104 350 in
122 291 359 340 animabus
376 289 463 338 sibi
484 286 676 336 subditis
699 284 898 350 perfecte
918 283 1164 342 formetur,
1189 277 1249 334 fi.
1275 301 1337 352 19
1352 320 1367 346 ‚
1399 300 1485 336 20.

123 363 248 419 Vide
268 365 386 416 dicta
405 364 464 414 ad
486 363 575 414 hos
595 378 753 412 versus
774 360 823 409 in
845 361 1194 410 commentario.

731 501 938 549 ΤΕΒΤιὸ.

129 633 339 690 Gaudeat
368 636 518 686 omnis
550 631 863 697 Christianus,
893 637 919 683 ὲ
951 631 1017 697 yffi.
1048 630 1112 683 28
1145 631 1328 683 discens
1356 640 1402 683 et
1436 633 1628 685 audiens

59 713 186 781 quod
206 716 262 764 sit
286 729 421 762 verus
444 719 490 761 et
516 711 741 776 legitimus
763 709 856 761 Dei
888 710 1000 760 filius
1018 746 1031 771 ‚
1057 710 1114 759 ad
1140 728 1275 776 quem
1299 713 1495 776 pertinet
1515 711 1629 763 hae-

59 791 227 843 reditas
254 792 383 855 regni
402 789 612 840 coelestis,
634 787 753 842 Vide
787 790 1160 841 observationem
1181 788 1401 840 moralem
1430 792 1478 841 in
1503 790 1634 843 hunc

61 888 274 932 versum,
298 869 456 935 collige
478 871 630 920 tertio.

130 945 180 998 A
199 965 335 1000 versu
364 955 516 997 autem
542 966 631 1017 29,
653 947 795 997 discat
823 947 946 998 idem
969 944 1254 998 Christianus
1285 949 1405 1015 quod
1425 947 1482 1000 ad
1509 945 1631 999 hanc

60 1023 378 1074 haereditatem
410 1040 507 1072 non
537 1026 596 1072 sit
625 1027 726 1072 sine
751 1022 900 1072 multis
930 1023 1293 1073 tribulationibus
1322 1022 1625 1082 adventurus;

62 1106 429 1170 persecutionem
457 1104 649 1167 patietur
670 1122 681 1151 ε
706 1110 750 1151 at
780 1103 914 1150 Beati
939 1104 1020 1166 qui
1035 1105 1400 1171 persecutionem
1428 1105 1634 1167 patiun-

60 1190 166 1241 tur,
194 1188 282 1230 etc.
304 1176 474 1229 Matth.
496 1178 547 1229 5.
592 1197 669 1231 ιο.
698 1179 809 1227 Non
830 1189 943 1228 sunt
964 1180 1202 1243 condignoe
1219 1180 1462 1244 passiones
1490 1179 1634 1245 hujus

62 1259 310 1323 temporis,
342 1256 409 1304 ad
437 1252 646 1305 suturam
681 1258 880 1320 gloriam
895 1293 912 1318 ,
957 1274 1060 1322 quoe
1092 1258 1365 1306 revelabitur
1394 1259 1443 1305 in
1475 1256 1629 1305 nobis.

62 1330 208 1385 Rom.
231 1334 279 1384 8.
326 1331 404 1385 18.

134 1413 518 1462 Momentaneum
535 1449 548 1474 ‚
571 1421 617 1462 et
636 1414 725 1462 leve
744 1414 1057 1464 tribulationis
1074 1424 1261 1477 nostrae,
1280 1434 1420 1480 supra
1440 1416 1632 1464 modum

62 1492 115 1538 in
155 1491 440 1539 sublimitate
480 1500 703 1540 oelemum
742 1492 903 1556 gloriae
936 1495 1119 1557 pondus
1151 1503 1371 1559 operatur
1393 1495 1442 1543 in
1479 1496 1633 1547 nobis.

64 1584 124 1618 n.
153 1561 262 1616 Cor.
290 1568 342 1629 4.
383 1584 464 1632 17.

715 2218 947 2227 —-....-..-....-..-
