1794 3210
392 93 619 130 ‘rmmAEx
653 93 938 130 musmo.
975 77 1091 144 Cap.
1127 74 1246 129 III.
1485 76 1588 129 383

19 167 186 248 *Qereh
206 167 283 218 lex
303 167 553 219 obediendi
576 154 698 218 vires
718 185 812 218 non
837 167 999 229 dabat,
1024 167 1134 244 hine
1153 168 1228 218 lex
1252 166 1344 217 sola
1366 167 1591 217 conside-

25 255 148 310 rata,
180 250 357 296 tantum
380 247 510 295 abest
546 254 595 295 ut
639 245 900 309 justificaret
941 252 985 294 et
1011 245 1338 303 benediceret,
1328 263 1338 273 ·
1383 247 1588 310 quinimb

24 324 334 376 maledictioni
355 324 638 387 subjiciebat.

6 411 10 415 '
96 397 235 451 Tunc
256 416 365 464 ergo
383 401 501 448 sicut
516 406 560 448 et
581 414 738 454 nune,
765 398 791 444 ἐι
819 395 911 444 fide
933 395 1131 446 debebat
1171 399 1278 446 oriri
1301 398 1583 460 justificatio,

25 493 132 527 cum
154 475 246 526 hoc
265 476 542 535 discrimine,
574 472 698 539 qued
717 481 824 522 tune
848 472 1009 522 efide'
997 491 1044 523 1n
1069 470 1301 523 Christum
1323 482 1581 532 v·;en1u¹um

25 571 150 604 nunc
172 558 197 603 ὲ
221 553 312 603 fide
333 555 381 602 in
411 544 644 601 Christum
682 568 764 615 pro
787 551 922 599 nobis
942 559 1170 601 mortuum
1192 587 1206 614 ‚
1230 560 1274 602 et
1297 556 1321 601 ὲ
1351 550 1456 602 Deo
1478 569 1588 602 suso

22 633 224 682 citatum.
251 629 374 683 Vide
401 623 461 683 fi.
487 628 568 678 25.
592 625 735 678 Fides
770 630 818 676 in
842 623 1076 678 Christum
1101 627 1184 679 suit
1205 633 1410 678 omnium
1434 644 1589 678 saecu-

0 690 188 780 Horum.

0 825 1 828 ,
91 777 151 835 ff.
178 803 256 833 11.
275 782 517 854 Quoniam
541 790 697 830 autem
718 786 766 830 in
794 783 942 846 lege...

89 855 147 914 Ῠ.
175 880 252 911 12.
276 862 378 910 Lea}
399 869 554 909 autem
583 870 760 909 nonest
783 880 843 909 em
867 861 1028 926 fide...

91 935 166 990 D.
192 938 401 989 lhomas
416 938 500 987 hos
525 939 640 988 duos
659 956 814 988 versus
835 941 977 989 nectit
1008 957 1110 989 cum
1131 939 1436 1002 praecedenti,
1459 941 1585 1006 quasi

21 1019 219 1085 probent
238 1018 351 1081 legis
378 1015 741 1066 insufficientiam
759 1053 771 1074 ‚
798 1033 894 1065 non
917 1016 1105 1066 valentis
1145 1019 1170 1064 ὲ
1208 1016 1452 1068 maledicto
1474 1019 1587 1065 exi-
1660 1063 1664 1065 ,

20 1111 179 1150 mere;
203 1096 306 1157 quia
332 1107 427 1139 non
446 1100 600 1155 potest
624 1091 888 1152 justificare.

91 1168 202 1221 Hoc
218 1175 367 1218 autem
382 1163 636 1232 Apostolus
649 1170 808 1234 probat
829 1170 874 1217 in
892 1168 1092 1217 secunda
1105 1168 1244 1232 figura
1255 1205 1267 1227 ,
1294 1171 1354 1217 ait
1376 1166 1438 1226 D.
1451 1166 1587 1218 Tho-

19 1264 134 1299 mas,
172 1245 352 1296 ,lustitia
390 1252 457 1295 est
479 1263 538 1295 ex
562 1245 685 1306 fide,
712 1245 793 1295 sed
814 1246 890 1296 lex
916 1264 1014 1296 non
1040 1254 1108 1296 est
1129 1263 1190 1296 ex
1206 1246 1328 1304 fide,
1316 1265 1326 1275 ·
1360 1264 1467 1312 ergo
1491 1262 1586 1295 non

1 1389 4 1393 ἵ
18 1333 170 1393 potest
187 1325 444 1387 justificare.

87 1400 182 1452 Sed
206 1400 480 1466 probabilius
502 1399 681 1449 viderur
701 1416 873 1448 novam
893 1399 968 1448 hic
992 1409 1036 1450 et
1058 1410 1258 1464 quartam
1281 1403 1487 1450 interseri
1510 1419 1584 1451 ra-

19 1480 223 1537 tionem,
251 1493 354 1543 quae
375 1477 541 1542 probet
561 1494 658 1529 non
685 1493 745 1526 ex
774 1475 903 1540 lege,
935 1476 1019 1525 sed
1056 1494 1113 1526 ex
1140 1476 1230 1526 fide
1255 1474 1456 1539 Christi,
1483 1494 1585 1527 esse

18 1555 253 1617 justifiam.

86 1630 142 1683 ld
163 1650 272 1698 ergo
290 1633 450 1698 probat
475 1632 738 1680 auctoritate
763 1628 1002 1682 Habacuc.
1030 1652 1076 1682 2.
1094 1633 1143 1693 4.

87 1710 279 1772 Justus,
307 1713 367 1760 ait
396 1708 644 1776 propheta,
667 1727 744 1770 ‚ex
754 1708 864 1772 fide
885 1711 995 1759 νὶοιί
1015 1728 1031 1756 .·
1062 1709 1135 1759 lex
1174 1727 1270 1758 non
1300 1710 1375 1760 dat
1407 1709 1547 1759 fidem
1566 1747 1579 1771 ‚

17 1806 127 1854 ergo
144 1807 232 1839 nee
250 1788 528 1855 spiritualem
549 1789 712 1836 animae
728 1789 896 1837 vitam:
921 1805 1028 1853 ergo
1061 1787 1354 1838 manifestum
1375 1797 1443 1838 est
1459 1781 1583 1854 qued

16 1885 158 1920 nemo
178 1866 296 1932 apud
324 1863 474 1915 Deum
497 1861 760 1928 justificatur
783 1867 829 1914 in
848 1864 948 1929 lege
974 1872 1017 1913 et
1040 1881 1119 1929 per
1145 1865 1308 1928 legem.

91 1943 195 1995 Lex
219 1944 401 2010 quidem
423 1944 715 2007 promittebat
750 1942 988 1990 vitamh‘rc
1010 1940 1184 1991 felicem
1213 1951 1255 1992 et
1290 1947 1584 2008 presperam;

20 2021 130 2076 dicit
150 2041 162 2070 ι
193 2018 478 2085 Qui-fecerit
493 2038 568 2077 eu,
593 2021 716 2069 vivet.
730 2021 778 2066 in
804 2020 924 2078 ill1‘s;
946 2018 1030 2068 sed
1044 2036 1136 2068 non
1157 2017 1297 2067 dabat
1319 2022 1460 2069 vitam
1486 2020 1589 2082 spi-

23 2101 236 2153 ritualem·
253 2109 298 2151 et
318 2101 517 2160 divinam
540 2101 709 2164 gratiae.

4 2227 10 2232 .
90 2178 228 2243 Legis
251 2181 511 2228 observatio
534 2177 835 2243 praeservabat
852 2179 876 2225 ὲ
897 2177 1132 2242 temporaH
1154 2186 1301 2227 morte
1320 2213 1334 2238 ‚
1357 2193 1491 2241 quam
1511 2176 1587 2226 lex

21 2261 70 2309 in
95 2275 202 2308 suos
227 2264 579 2321 transgressores
601 2257 868 2305 intentabat.
899 2253 1027 2304 Hinc
1050 2259 1187 2305 etiam
1205 2294 1216 2316 ‚
1241 2253 1488 2321 qm'fecerlt
1508 2273 1584 2313 ea,

21 2341 140 2391 vivet
160 2341 212 2387 in
242 2333 338 2384 illis
358 2352 376 2383 .·
412 2344 608 2385 mortem
644 2333 827 2399 effugiet
868 2334 1195 2398 temporalem:
1223 2335 1306 2384 sed
1329 2351 1423 2383 non
1453 2333 1589 2385 dabat

19 2432 177 2466 veram
197 2416 360 2463 animae
378 2414 517 2461 vitam
538 2449 549 2471 ‚
574 2428 678 2476 quae
702 2416 728 2461 ὲ
753 2409 934 2461 Christo
955 2448 970 2475 ,
996 2415 1100 2462 vitae
1119 2411 1242 2463 fonte
1259 2450 1272 2474 ,
1304 2429 1383 2478 per
1407 2410 1549 2460 fidem
1569 2446 1584 2472 ‚

17 2511 204 2560 semper
226 2492 308 2541 suit
327 2490 594 2540 haurienda.
620 2487 738 2539 Vide
760 2485 813 2548 rb.
840 2488 919 2539 25.

497 2632 820 2668 OBSERvA'rlo
857 2631 1096 2666 MORAIAS.

91 2736 250 2790 Justus
270 2756 378 2802 ergo
403 2754 586 2801 semper
606 2755 664 2786 ex
685 2737 778 2786 fide
799 2739 940 2798 vixit,
968 2745 1013 2786 et
1035 2753 1094 2785 ex
1113 2734 1204 2784 fide
1233 2739 1278 2785 in
1302 2732 1551 2786 Christum.

92 2813 280 2875 primu,
309 2833 446 2881 quare
470 2833 527 2863 ex
551 2815 642 2864 side
662 2815 683 2864 ὲ)

91 2890 324 2959 Equidem
344 2931 357 2953 ‚
379 2896 482 2958 quia
510 2892 607 2942 talis
630 2892 837 2942 voluntas
860 2890 951 2942 Dei
971 2928 982 2953 ‚
1004 2900 1052 2942 ut
1073 2893 1137 2940 sic
1159 2892 1401 2956 superbam
1426 2889 1589 2939 homi-
