1794 3210
12 0 129 94 &3⁸²⁴
427 56 648 94 murex
682 55 968 93 Exposrrro.
1009 37 1127 109 Gap.
1161 42 1207 94 Ι.
1498 41 1603 97 333

131 184 133 186 ,
179 125 348 189 ‘Arium
373 132 606 196 quinimo,
634 133 738 180 cum
761 129 983 180 vidissent
1009 130 1069 180 illi
1098 132 1187 196 ipsi
1218 132 1362 197 quiin
1392 126 1599 188 Ecclesia

149 214 166 256 t
198 211 437 274 praecipui,
477 208 600 277 quod
623 208 738 258 mihi
770 211 1064 259 commissum
1103 216 1171 259 est
1209 206 1513 273 Evangelium
1549 214 1599 263 in

74 286 274 336 entibus
291 324 305 350 ‚
337 289 450 337 sicut
473 297 516 337 et
536 285 677 338 Petro
699 289 992 337 commissum
1018 295 1086 337 est
1114 289 1230 337 inter
1247 284 1451 340 Judaeos.

43 381 45 385 ’
105 358 239 414 Idem
267 367 390 415 enim
417 362 580 427 DeuS,
602 367 679 429 qui
710 360 932 415 in'Petro
968 380 1095 413 suam
1131 366 1228 413 vim
1264 372 1310 414 et
1342 362 1600 418 efficaciam

0 427 240 544 '‘⁴‘ostendit
275 443 333 493 ad
365 439 556 492 Judaeos
590 441 954 500 convertendos-»3
984 444 1031 491 in
1064 459 1138 492 me
1175 459 1356 509 quoque
1389 445 1602 495 eamdem

0 556 2 564 .
42 522 247 570 exercuit
270 523 486 570 virtutem
508 519 566 569 ad
587 514 794 569 Gentiles
819 519 1175 572 convertendos·

0 570 4 653 i
109 595 251 661 Quod
291 602 393 648 cum
438 600 764 665 cognovissent
804 596 1030 660 Jacobus,
1076 595 1244 649 Petrus
1279 606 1324 650 et
1361 595 1595 662 Joanne3‚

37 669 368 738 Apostolorum
390 677 634 742 praecipui,
666 682 710 724 et
732 677 857 741 quasi
879 675 1102 725 columnae
1117 675 1337 736 ‚dextras
1361 677 1494 726 nobis
1513 676 1598 727 de·

0 747 200 812 {derunt
217 787 231 812 ‚
255 750 435 818 hocque
455 750 667 818 symbolo
686 770 771 802 nos
791 752 981 816 collegas
1001 789 1013 812 ,
1040 759 1087 801 et
1108 754 1154 801 in
1174 751 1428 815 apostolatu
1448 754 1599 803 socios

0 830 3 905 j
37 843 143 876 suos
166 837 447 891 agnoverunt
473 838 518 878 et
547 837 820 894 receperunt
847 849 859 878 ι
884 846 1053 894 nempe
1075 836 1123 878 ut
1143 829 1392 894 apostolatu
1417 828 1595 896 sungeq

0 911 2 953 ἑ
37 920 189 954 remur
207 906 325 954 inter
350 902 526 954 Gentes
543 941 556 966 ‚
580 908 666 969 ipsi
689 911 799 955 vero
820 909 939 955 inter
960 903 1171 955 Judaeos.

107 979 212 1031 Hac
234 985 408 1031 tantbm
441 981 594 1031 addita
620 982 906 1038 conditione.
939 991 989 1032 ut
1023 1000 1271 1047 pauperum
1300 985 1375 1048 qui
1410 991 1517 1033 sunt
1544 985 1594 1033 in

37 1047 230 1116 Judaea,
257 1073 490 1106 memores
512 1073 742 1116 essemus;
765 1057 813 1107 id
839 1067 937 1121 est,
960 1067 1232 1123 rogaverunt
1255 1076 1370 1121 nos,
1394 1068 1443 1109 ut
1463 1058 1595 1108 elee-
1631 1115 1637 1122 ‚

34 1148 254 1197 mosynas
279 1134 397 1181 inter
418 1139 576 1196 gentes
599 1132 912 1197 colligeremus
927 1172 940 1196 ‚
970 1136 1131 1203 quibus
1152 1133 1423 1185 Judaeorum
1445 1138 1596 1202 inopia

35 1209 343 1259 sublevaretur
368 1229 380 1258 z
404 1207 495 1258 hoc
519 1218 671 1259 autem
697 1210 917 1274 fideliter,
950 1220 995 1263 et
1018 1212 1206 1262 sollicite
1229 1212 1491 1279 adimplevi.

101 1306 259 1379 Finito
302 1312 497 1361 concilio
532 1309 953 1378 Jerosolymiiano‚
984 1312 1280 1366 Antiochiam
1303 1314 1434 1366 redii.
1468 1312 1591 1366 Vide

33 1381 142 1437 Aet.
172 1385 247 1436 16.
277 1385 386 1450 Quo
409 1391 510 1437 cum
537 1386 700 1440 Petrus
725 1391 855 1455 paulo
880 1398 987 1456 post
1014 1396 1239 1455 venisset,
1261 1393 1405 1458 palam
1431 1401 1475 1443 et
1499 1411 1590 1443 co·-

34 1479 131 1512 ram
150 1466 362 1513 omnibus
386 1465 442 1513 illi
462 1469 624 1528 restiti,
643 1468 797 1517 verbis
814 1467 982 1519 scilicet
1002 1473 1157 1520 amicis
1180 1479 1224 1521 et
1240 1471 1555 1520 reverentibus
1571 1505 1586 1530 2

33 1546 191 1604 utpote
217 1538 543 1605 Apostolorum
564 1545 789 1610 principi,
815 1547 958 1596 restiti
984 1554 1137 1595 tamen
1154 1583 1168 1607 ,
1198 1548 1300 1611 quia
1329 1544 1592 1611 reprehen-

33 1617 163 1666 sione
182 1615 344 1682 dignus
365 1627 475 1669 erat.

0 1710 38 1796 '¹'
100 1708 371 1778 Priusquam
397 1718 520 1765 enim
544 1716 727 1782 quidam
752 1714 903 1768 Judaei
931 1720 1140 1768 venirent
1169 1718 1225 1768 ab
1259 1714 1585 1785 jerosolymis,

31 1789 114 1847 ubi
138 1801 325 1855 praeerat
345 1790 549 1844 Jacohus
566 1833 580 1859 ,
601 1792 764 1846 Petrus
787 1814 887 1845 cum
910 1792 1169 1847 Gentilibus
1186 1796 1484 1861 comedebat,
1506 1816 1588 1849 eo·

32 1883 223 1933 rumque
250 1887 407 1935 more,
437 1875 705 1925 vescebatur
731 1877 943 1925 omnibus
968 1874 1282 1926 indifferenter
1302 1876 1417 1926 cibis
1451 1896 1462 1926 ε
1485 1882 1590 1928 cum

0 1978 3 2001 ζ
30 1939 180 1995 autem
216 1946 276 1996 illi
304 1952 568 2013 venissent,
596 1948 786 2012 Petrus,
812 1970 873 2002 ne
907 1954 1017 2020 ipsis
1037 1951 1298 2002 scandalum
1327 1949 1529 2018 faceret,
1562 1956 1589 2002 ὲ

0 2019 3 2048 ¹
33 2019 284 2074 Gentilium
307 2030 518 2078 convictu
541 2046 592 2078 se
612 2029 921 2081 subtrahebat.

6 2133 21 2144 “
99 2116 161 2170 Et
182 2130 304 2172 tanta
328 2122 410 2173 suit
434 2127 503 2174 vis
525 2124 657 2188 hujus
678 2128 876 2193 exempli
896 2132 921 2177 a
943 2127 1083 2178 Petro
1104 2127 1192 2178 dati
1212 2165 1225 2188 ‚
1251 2136 1299 2177 ut
1319 2128 1471 2177 caeteri
1492 2125 1587 2178 Ju-

7 2206 18 2229 s
33 2197 124 2249 daei
145 2201 505 2252 coassimularent
526 2203 608 2263 (ita
630 2198 740 2266 Gr.)
761 2244 775 2270 ,
798 2206 846 2256 id
864 2216 955 2266 est,
975 2210 1072 2271 ejus
1093 2207 1364 2257 simulationi
1383 2224 1587 2258 consen·—

33 2278 194 2335 tirent;
224 2279 283 2326 ita
306 2286 354 2327 ut
379 2283 515 2330 etiam
534 2278 766 2334 Barnabas
789 2286 1002 2336 itinerum
1023 2292 1069 2335 et
1087 2284 1362 2351 apostolatus
1383 2287 1477 2335 mei
1497 2303 1588 2336 co·-

24 2366 132 2425 mes
150 2388 164 2413 ‚
190 2352 313 2404 idem
338 2352 519 2407 faceret.

101 2441 220 2496 Cim]
243 2463 350 2512 ergo
379 2448 595 2501 vidissem
623 2470 702 2502 eos
720 2470 815 2504 non
833 2458 956 2505 recte
976 2453 1189 2504 incedere
1208 2455 1332 2517 juxta
1346 2458 1584 2507 veritatem

10 2585 19 2598 f
30 2515 270 2585 Evangelii
287 2557 304 2583 ‚
327 2523 410 2572 sed
427 2522 512 2573 hac
533 2527 818 2579 simulatione
836 2532 961 2596 quasi
981 2530 1228 2580 claudicare
1243 2566 1259 2593 ,
1281 2529 1380 2579 dixi
1402 2531 1584 2596 publice

6 2590 174 2651 >Petro
203 2619 214 2648 :
238 2595 288 2649 Si
306 2609 354 2650 tu
380 2599 569 2654 Judaeus
589 2643 605 2669 ,
631 2615 675 2657 et
705 2624 765 2658 ex
785 2606 962 2659 Judaeis
987 2609 1200 2659 oriundus
1221 2645 1234 2672 ,
1257 2611 1394 2659 uteris
1425 2625 1585 2661 evan—

28 2674 175 2745 gelica
193 2676 398 2729 libertate
412 2717 426 2743 ,
441 2687 504 2745 et,
521 2689 569 2732 ut
590 2685 671 2734 tibi
686 2687 836 2737 visum
859 2694 954 2750 est,
977 2687 1207 2736 communi
1228 2702 1332 2736 cum
1356 2682 1586 2738 Gentibus

28 2756 134 2810 cibo
157 2755 470 2809 indifferenter
489 2765 719 2827 vescerisg
752 2781 832 2819 cur
851 2766 1068 2834 exemp'o
1102 2774 1181 2818 tuo
1201 2766 1366 2819 invitas
1393 2772 1438 2818 et
1462 2768 1585 2833 cogis

29 2828 209 2891 Gentes
227 2837 483 2900 judaizare?
