1794 3210
403 129 625 164 ‘rmpnex
659 127 935 165 exposr‘rro.
974 108 1095 178 Cap.
1132 111 1239 166 III.
1503 113 1609 182 3293

47 238 49 241 .
110 201 706 270 Leximin-isteriollioysis,
718 201 988 252 mediatoris
1008 210 1051 251 et
1074 201 1374 266 stipulatoriS,
1394 201 1499 252 data
1522 211 1608 254 est.

29 281 282 334 Μεᾱιαίον
295 290 452 331 autem
473 299 564 331 non
589 289 658 329 est
675 283 843 340 unius,
866 278 949 327 sed
968 278 1193 342 plurium:
1214 277 1324 327 hinc
1341 277 1480 328 facilis
1494 296 1622 329 mu-

16 361 257 423 labilitas
290 361 355 411 ob
375 359 560 422 alicujus
580 359 880 408 mutationem
905 363 966 404 et
978 355 1200 420 stipulatae
1224 357 1500 444 conditionis
1527 357 1613 407 de-

0 467 2 493 ι
39 438 226 490 fectum.

0 505 2 550 l
107 523 360 578 promissio
383 525 574 573 autema
593 519 701 571 Deo
718 521 816 571 solo
833 520 950 571 facta
970 543 981 572 ε
1006 522 1131 570 Deus
1150 524 1261 572 νει-ὸ
1280 540 1399 570 unus
1420 530 1466 572 et
1483 523 1609 573 idem

0 591 2 612 ’
37 620 220 669 semper
238 611 336 664 est,
362 610 407 650 et
433 599 726 649 immutabilis
754 617 766 648 :
787 599 898 650 hinc
917 602 1234 665 promissionis
1252 601 1450 651 firmitas·
1466 601 1609 651 stabi-

35 673 118 747 l’aes
130 690 297 733 :eterna
308 716 321 740 ,
347 678 657 729 immutabilis.

72 802 73 805 ,
103 757 263 823 Itaque
284 765 332 806 ut
352 756 438 806 hos
463 750 582 806 duos
606 772 764 804 vers-us
791 774 851 823 ¹9
874 762 920 804 et
945 771 1006 804 20
1037 756 1160 804 bene
1189 755 1411 821 intelligas
1431 793 1444 816 ,

103 841 231 894 Nota
251 842 383 908 quod
406 836 478 891 D.
504 835 680 890 Paulus
709 843 767 890 ita
791 839 1042 906 respondet
1063 843 1311 906 quaestioni
1334 843 1421 891 sibi
1443 839 1572 892 factae
1592 861 1607 891 :

42 920 172 985 Quid
192 920 336 984 igitur
355 921 460 968 lem.
455 919 477 954 Ρ
504 926 552 967 ut
583 921 719 968 etiam
736 953 752 980 ,
789 920 1032 968 occasione
1060 921 1185 985 quasi
1217 937 1299 983 per
1316 927 1606 971 transennam

36 996 251 1062 accepta,
279 994 487 1045 ostendat
522 994 631 1059 legis
659 1004 704 1046 et
731 997 1048 1060 promissionis
1075 995 1359 1059 discrimina,
1379 995 1605 1064 hujusque

35 1092 168 1140 supr-a
189 1074 336 1138 legem
356 1069 689 1121 excellentiam.
1053 1128 1064 1132 ς

102 1157 207 1212 Lex
223 1156 571 1208 occasionaliter
593 1156 724 1222 data,
747 1165 937 1222 propter
954 1159 1388 1220 transgressionem..
1410 1160 1468 1209 ad
1484 1168 1604 1214 tem-,-

34 1254 144 1303 puS,
180 1238 325 1286 donec
357 1236 582 1287 veniret...
614 1254 700 1300 per
728 1237 917 1301 angelos
933 1270 952 1295 ,
990 1233 1084 1286 Dei
1110 1237 1371 1298 ministrOS,
1404 1234 1597 1304 Moyse,

34 1314 226 1365 homine
249 1314 522 1365 mediatore.

101 1399 356 1452 Promissio
389 1400 507 1452 facta
539 1400 870 1466 principaliter,
915 1403 1014 1451 sine
1051 1402 1271 1465 temporis
1301 1400 1598 1464 limitatione,

34 1498 117 1547 per
148 1477 303 1531 Deum
338 1482 487 1547 ipsum
511 1479 807 1543 immediate,
836 1478 1069 1543 absolute,
1107 1482 1207 1529 sine
1240 1478 1506 1530 conditione
1528 1487 1605 1530 aut

35 1558 347 1623 stipulatione.

16 1694 22 1711 x
106 1646 235 1699 Hinc
259 1649 370 1714 quid
385 1648 619 1715 sequitur?
642 1644 828 1721 Primo,
857 1646 981 1711 quod
995 1663 1238 1710 promissio
1259 1646 1404 1697 multo
1423 1645 1601 1712 persec-

32 1728 121 1778 tior
142 1730 200 1779 sit
224 1721 606 1781 effixcellentior.

101 1812 349 1879 Secundo,
383 1815 508 1881 quod
537 1815 780 1880 promissio
811 1813 869 1863 sit
899 1810 1224 1872 immutabilis,
1257 1818 1454 1873 aeterna,
1486 1813 1602 1866 sicut

23 1889 188 1959 ,Deum
217 1893 532 1960 promissionis
550 1899 729 1953 auctor,
755 1896 824 1940 est
843 1905 984 1951 unuS,
1003 1904 1184 1952 semper
1203 1887 1602 1953 idem,sibicon-

34 1979 160 2024 stans
189 1979 233 2021 et
255 1969 567 2021 immutabilis.

54 2063 62 2072 ·
100 2044 231 2099 Deus
262 2065 377 2098 unus
405 2055 450 2097 et
478 2047 604 2098 idem
634 2062 816 2111 semper
841 2054 909 2096 est
942 2066 954 2095 z
982 2064 1079 2097 non
1106 2045 1365 2097 timendum
1395 2063 1506 2113 ergo
1537 2065 1598 2101 ne

32 2129 392 2194 promissionem
412 2129 600 2192 abroget
620 2143 748 2176 suam
766 2126 969 2176 absolute
991 2134 1036 2178 et
1058 2128 1248 2192 gratuito
1272 2125 1451 2178 saetam.

100 2210 221 2265 Haec
244 2213 303 2269 de
333 2214 492 2265 mundi
523 2211 760 2263 Salvatore
798 2215 1038 2279 promissio
1057 2250 1070 2276 ,
1097 2230 1159 2264 cx
1186 2209 1393 2265 Abrahae
1419 2216 1597 2267 semine

31 2295 258 2345 nascituro
274 2329 286 2353 ,
314 2290 523 2341 fundatur
539 2294 586 2340 in
611 2293 757 2342 verbo
779 2287 867 2340 Dei
893 2291 1098 2341 absoluto
1122 2299 1165 2342 et
1187 2293 1360 2359 absque
1381 2292 1464 2345 ulla
1483 2309 1597 2343 con-

32 2369 207 2419 ditione
223 2405 238 2432 ,
258 2374 333 2417 aut
356 2365 640 2431 stipulatione
666 2366 770 2416 dato
795 2384 805 2414 ε
833 2363 1043 2415 Verbum
1062 2375 1219 2416 autem
1243 2368 1437 2417 Domini
1451 2369 1598 2418 stabit

31 2447 82 2494 in
99 2453 327 2494 aternum
351 2460 364 2489 ι
394 2458 503 2506 ergo
526 2449 572 2491 et
589 2441 687 2492 haec
706 2444 895 2508 gratuita
916 2441 1007 2494 Dei
1030 2446 1289 2510 promissi0.

101 2520 229 2573 Hinc
260 2523 310 2571 in
339 2517 522 2571 Christo
559 2528 604 2570 et
634 2536 715 2585 per
745 2521 885 2572 fidem
920 2523 970 2571 in
995 2518 1233 2572 Christum
1265 2521 1382 2573 salus
1414 2538 1596 2588 semper

31 2604 118 2654 erit
145 2600 406 2669 quaerenda.

98 2681 262 2736 Tertio
280 2720 294 2746 ,
315 2686 343 2734 ὲ
365 2688 523 2732 contra
541 2719 556 2745 ,
579 2683 780 2750 sequitur
798 2682 922 2748 quod
948 2682 1025 2734 lex
1047 2689 1141 2734 erat
1167 2680 1420 2744 mutabilis,
1443 2682 1595 2737 abro-

30 2763 180 2828 ganda
197 2799 209 2822 ,
240 2764 334 2812 imo
363 2768 407 2811 et
431 2758 660 2825 abrogata.

98 2838 200 2892 Lex
229 2847 324 2890 erat
341 2838 681 2890 occasionaliter
700 2875 712 2899 ,
734 2837 792 2887 ad
817 2846 1019 2904 tempus,
1045 2836 1197 2888 donec
1221 2838 1401 2889 veniret
1422 2832 1591 2893 Chris-

30 2923 102 2969 tus
129 2934 141 2965 :
170 2913 379 2967 Christus
400 2923 552 2966 autem
572 2915 730 2975 venit3
757 2932 864 2981 ergo
891 2915 967 2966 lex
989 2915 1199 2979 abrogata
1223 2921 1308 2965 est.
1344 2961 1348 2967 ,
1403 2921 1412 2935 ⁴
