1690 3230
96 66 179 120 16
407 78 656 116 SECUNDAE
680 79 952 116 EPISTOLAE
979 80 1048 117 An
1075 80 1388 119 CORINTHIOS
1451 119 1459 122 ,

111 155 228 206 sibi:
246 150 383 204 Tolle
402 169 584 202 crucem
603 159 744 229 tuam,
767 159 812 201 et
825 154 953 214 veni,
979 169 1174 218 sequere
1193 170 1300 205 me:
1325 155 1364 204 si
1379 156 1536 206 socius
1547 153 1690 246 suens

107 235 403 300 passionum,
434 233 584 281 socius
607 232 697 280 eris
720 238 765 280 et
793 222 964 296 gloriae.

182 308 309 360 Crux
328 308 386 358 ad
407 307 744 359 beatitudinem
760 316 880 357 recta
903 316 948 358 et
969 325 1126 359 secura
1141 311 1232 360 via.

178 385 399 439 Firmiter
435 405 566 455 ergo,
608 392 765 437 secure
805 396 852 438 et
897 388 1133 454 tranquille
1166 388 1526 440 beatitudinem
1516 367 1690 479 speret'ff

93 469 262 518 *anima
279 465 520 516 christiana
539 467 716 531 patiens
735 463 997 516 christiane.

179 541 235 599 ψ.
261 541 312 594 8.
337 543 452 592 Νοη
478 544 602 591 enim
623 542 856 592 volumus.

182 618 432 685 Specialiirs
457 621 658 684 explicat
683 620 797 669 mala
817 655 831 681 ,
861 637 961 684 quae
983 622 1145 671 recens
1175 638 1332 688 passus
1358 629 1456 686 est,
1494 611 1684 690 etiquae‘

111 694 364 748 Corinthiis
386 697 594 747 nondum
619 704 744 746 erant
765 700 904 759 nota,
930 698 1088 761 sicque
1108 705 1156 747 et
1176 698 1478 763 semetipsum
1495 694 1690 750 *Corin-f.

108 771 220 825 thiis
245 774 475 839 explicat,
502 781 550 822 et
575 769 933 822 Corinthiorum
939 774 1118 820 animos
1138 775 1228 824 sihi
1249 775 1484 837 conciliat,
1515 774 1649 826 hoc'
1634 792 1685 828 m

110 867 194 901 eos
219 849 447 900 charitatis
465 848 670 898 indicio:
689 849 872 913 signum
898 850 1023 898 enim
1049 852 1216 899 amoris
1236 859 1309 902 est
1341 869 1422 902 sua
1452 853 1562 903 aliis.
1567 869 1687 904 con-v·

108 929 307 980 fidenter
329 928 573 979 declarare.

176 1010 302 1064 Nolo
323 1029 437 1073 vos,
463 1009 624 1060 fratres
648 1011 764 1071 mei,
786 1012 995 1075 ignorare
1022 1009 1392 1074 tribulationem,
1421 1029 1537 1079 quae
1541 992 1690 1071 nobi&¹

111 1092 302 1156 contigit
336 1091 384 1139 in
419 1086 563 1151 Asia,
607 1096 653 1138 et
685 1096 733 1137 ut
756 1096 935 1153 putatur
956 1085 1150 1153 Ephesi.
1175 1085 1387 1138 Creditur
1408 1092 1532 1139 enim
1558 1088 1690 1155 quod

108 1165 323 1234 loquatur
365 1166 425 1217 de
477 1169 793 1233 persecutione
840 1169 867 1214 a
917 1158 1173 1215 Demetrio
1218 1167 1442 1229 excitata,
1480 1165 1570 1218 de
1595 1185 1690 1238 qua

110 1239 222 1297 Act.
249 1261 329 1314 19.

184 1321 428 1388 Quoniam
445 1339 589 1385 supra
605 1319 811 1369 modum.
838 1314 924 1369 Gr.
942 1312 1071 1365 καθ’
1050 1315 1271 1384 υπερολην
1292 1321 1550 1373 secundum
1572 1339 1690 1377 ex·—

109 1402 443 1466 superantiam,
467 1416 547 1464 per
572 1415 845 1461 excessum,
873 1400 1112 1449 excessive
1144 1401 1315 1464 gravati
1341 1416 1529 1465 sumus,
1559 1405 1690 1467 pon*

109 1481 220 1533 dere
243 1480 578 1542 tribulationis,
602 1496 698 1529 non
720 1496 850 1529 secus
870 1495 923 1528 ac
942 1481 1098 1543 naviS,
1125 1497 1226 1546 quae
1240 1483 1458 1546 pra-<gravi
1478 1476 1690 1547 quodam

110 1576 254 1611 onere
279 1559 586 1623 demergitur,
612 1560 672 1606 ait
699 1554 765 1605 D.
785 1552 954 1622 Chrys,

176 1643 332 1708 Supra
370 1643 620 1702 virtutem,
658 1638 706 1688 id
729 1646 826 1700 est,
866 1636 1114 1687 humanam
1137 1639 1424 1702 potentiam.
1449 1656 1532 1690 seu
1560 1637 1690 1711 nulla}

107 1724 253 1776 virtus
269 1722 469 1772 humana
488 1727 660 1770 tanturn
685 1717 865 1784 pondus
899 1715 1019 1767 ferre
1056 1726 1214 1784 potest
1245 1721 1295 1770 in
1331 1723 1452 1783 vita,
1475 1721 1566 1770 nisi
1587 1717 1690 1801 Deli

106 1805 248 1870 gratia
269 1800 562 1853 suffulciatur.

175 1880 258 1930 Ita
283 1888 337 1929 ut
357 1879 544 1928 toederet
569 1893 684 1925 ηο5..
692 1882 854 1925 .tanto
891 1873 1099 1940 pondere
1120 1889 1327 1939 pressoS,
1354 1872 1522 1925 vivere.
1525 1871 1600 1925 Id

106 1962 226 2015 dixit
259 1959 387 2024 Job,
415 1978 456 2011 c.
490 1978 568 2010 10·
607 1957 766 2007 Yaedet
794 1958 1010 2006 animam
1035 1973 1190 2004 meam
1213 1955 1326 2004 vilae
1347 1972 1480 2004 meoe.
1506 1953 1630 2009 Gr:

104 2048 154 2091 ut
176 2039 469 2106 perdubitare
488 2052 573 2085 nos
595 2037 731 2085 etiam
753 2036 946 2093 vivere,
972 2032 1022 2082 id
1041 2038 1138 2090 est,
1165 2032 1227 2080 ita
1253 2037 1303 2080 ut
1326 2031 1461 2082 valde
1486 2033 1690 2126 dubita-'i

103 2134 261 2169 remus
290 2117 349 2166 de
370 2117 478 2165 vita.
506 2111 610 2179 Syr.
644 2111 759 2160 adeo
791 2118 843 2160 ut
870 2111 962 2160 vita
987 2117 1142 2158 nostra
1166 2125 1314 2174 prope
1334 2109 1690 2213 dissolvereturq

102 2190 356 2257 ErasmuS,
381 2196 440 2244 ita
460 2201 509 2242 ut
530 2192 873 2256 desperaremus
901 2189 957 2239 de
977 2187 1119 2238 salute
1141 2196 1315 2241 nostra.
1660 2186 1690 2248 ‘j

174 2266 233 2327 fi.
261 2294 310 2342 9.
330 2273 463 2323 Sed·
443 2274 536 2338 zpsi
556 2273 605 2319 In
632 2269 979 2334 nobismetipsis
1000 2286 1185 2334 respon.
1172 2287 1287 2319 um.
1316 2265 1402 2321 Gr.
1437 2270 1593 2322 decret
1672 2285 1678 2290 ·

103 2348 210 2421 Syr.
243 2351 533 2402 sententiam.
567 2344 628 2397 D.
668 2344 1057 2413 Chrysostomus‚
1094 2347 1395 2410 sententiam,
1415 2345 1644 2409 judicium»

104 2431 494 2498 exspectationem
515 2428 740 2478 mortis...
758 2425 806 2474 id
822 2433 890 2476 est
909 2445 920 2473 :
1538 2442 1540 2445 ·

149 2507 281 2562 Prae
299 2505 613 2574 magnitudine
643 2504 857 2571 periculi,
885 2504 1062 2554 animus
1084 2510 1270 2564 noster,
1301 2504 1428 2568 quasi
1464 2517 1636 2568 respon

101 2588 292 2652 dendo,
308 2587 559 2649 dictabat,
586 2603 667 2637 seu
700 2583 928 2647 ludicabat
947 2599 1034 2632 nos
1057 2586 1181 2633 certe
1215 2583 1476 2633 morituros.
1500 2578 1578 2634 Sic
1659 2578 1667 2639 ]

102 2671 154 2722 in
178 2667 345 2719 eodem
369 2672 485 2715 statu
508 2679 706 2724 eramuS,
728 2679 782 2712 ac
803 2660 901 2724 illi,
929 2659 1092 2725 quibus
1122 2659 1282 2708 mortis
1299 2658 1529 2708 sententia
1557 2672 1670 2723 pro·

75 2748 84 2789 ἰ
103 2748 308 2809 nuntiata
327 2751 416 2795 est.
441 2739 717 2792 Extremum
741 2740 1121 2805 exspectabamus
1142 2743 1450 2787 momentum.

182 2827 247 2879 Ut
269 2844 363 2878 non
399 2826 547 2876 simus
565 2821 777 2889 fidentes
811 2821 860 2870 in
889 2820 1048 2879 nobiS,
1080 2816 1130 2867 id
1158 2823 1255 2878 est,
1290 2822 1342 2865 ut
1361 2817 1500 2866 tantis
1524 2830 1603 2866 ere

64 2942 73 2952 ·-
102 2908 329 2981 periculiS‚
346 2906 573 2959 discamus
586 2919 681 2955 non
698 2903 745 2953 in
759 2901 895 2953 nobis
910 2899 1055 2951 fidere
1069 2915 1083 2960 3
1102 2896 1186 2949 sed
1201 2898 1251 2946 in
1267 2896 1366 2947 Deo
1380 2898 1466 2964 qui
1474 2894 1647 2946 suscita
