1690 3230
49 111 85 175 4
340 126 588 164 securum
622 126 888 164 ems-roms
923 127 995 185 an
1029 128 1352 169 comm-mos

524 395 794 452 CAPUT
832 396 1187 454 PRIMUM.

748 575 942 628 Texta-5.
981 565 993 571 ⁴

121 705 428 827 Patmos,
453 755 727 827 apostolus
762 758 891 815 Jesu
935 755 1137 814 Christi
1180 779 1278 828 per
1314 743 1643 819 voluntatem
1668 743 1679 764 ³

55 848 203 915 Dei,
230 860 282 904 et
304 847 631 903 Timotheus
652 846 815 903 frater
832 890 848 916 ‚
869 845 1124 904 Ecclesiae
1147 847 1254 904 Dei
1267 870 1419 918 ,quae
1440 861 1524 907 est
1538 852 1644 907 Co-

53 938 246 1005 rinthi,
286 959 412 993 cum
455 935 705 993 omnibus
739 937 937 993 sanctis
981 934 1075 1005 qui
1124 948 1249 994 sunt
1298 937 1356 993 in
1395 937 1645 998 universa

54 1025 287 1084 Achaia.

126 1136 175 1172 2.
199 1112 377 1171 Gratia
402 1111 550 1168 vobis
573 1124 624 1167 et
645 1133 746 1182 pax
770 1134 800 1169 a
830 1112 952 1170 Deo
968 1155 981 1182 ‚
1017 1112 1185 1168 Patre
1205 1122 1419 1182 nostro,
1414 1123 1495 1203 et
1512 1111 1645 1170 Do·
1665 1127 1669 1151 ³

54 1205 210 1263 mino
235 1206 363 1260 Jesu
393 1194 629 1258 Christo,
1661 1254 1670 1270 .·

129 1299 180 1349 3.
209 1290 541 1349 Benedictus
582 1290 734 1346 Deus
771 1300 823 1344 et
856 1287 1024 1344 Pater
1045 1280 1264 1346 Domini
1303 1287 1475 1347 nostri
1515 1290 1676 1350 Ιεειι

66 1378 268 1437 Christi
289 1423 301 1445 ,
323 1378 489 1433 Pater
524 1374 1006 1445 misericordiarum
1025 1419 1040 1447 ,
1071 1388 1122 1433 et
1143 1377 1296 1434 Deus
1324 1375 1486 1434 totius
1508 1385 1671 1434 con-³

48 1469 366 1539 ‘solationiS‚

133 1605 184 1676 4.
211 1608 319 1677 Qui
342 1607 651 1664 consolatur
674 1625 775 1662 nos
802 1603 858 1660 in
882 1604 1032 1661 omni
1060 1603 1401 1661 tribulatione
1424 1615 1673 1672 nostra

63 1709 126 1754 ut
148 1705 415 1769 possimus
450 1707 503 1751 et
535 1693 638 1765 ipsi
666 1691 931 1750 consolari
969 1713 1062 1749 eos
1091 1690 1184 1763 qui
1223 1691 1282 1749 in
1308 1692 1460 1749 omni
1492 1712 1683 1765 pres

69 1807 196 1846 sura
214 1797 364 1854 sunt,
388 1793 485 1856 p'er
506 1781 934 1851 exhortationem
948 1827 961 1851 ,
983 1783 1087 1890 qua
1109 1779 1455 1839 exhortamur
1476 1792 1529 1838 et
1549 1778 1665 1852 ipsi

83 2318 431 2376 exhortamur
465 2339 562 2390 pro
603 2327 780 2373 vestra
821 2314 1182 2372 exhortatione
1224 2327 1276 2373 et
1313 2313 1516 2404 salute,
1534 2333 1647 2390 (ιιι,Ἰ

83 2420 337 2480 operatur
359 2405 697 2465 tolerantiam
721 2403 1029 2462 earumdem
1067 2403 1380 2477 passionum
1397 2445 1414 2475 ‚
1441 2421 1573 2475 quas

83 2517 185 2555 nos
209 2496 468 2570 patimur3
