1754 3210
379 91 600 147 nint-:x
641 104 929 144 Exposl‘rto.
969 85 1105 154 Cap(
1131 89 1218 142 VI.
1512 91 1611 144 135

36 181 167 239 utu
189 193 236 238 et
256 185 490 236 moribus·
511 190 556 232 at
577 182 823 248 praesertim
850 177 1121 243 prohibetur
1148 191 1259 228 cum
1273 179 1338 228 eis
1365 180 1610 230 matrimo-

95 281 170 316 um
187 300 202 325 ,
225 278 325 327 quae
349 268 418 310 est
437 261 597 309 intima
621 263 667 306 et
685 257 935 305 arctissima
952 257 1164 304 societas.

112 338 168 391 ln
193 340 349 405 primis
373 345 528 388 tamen
552 352 635 384 sex
659 327 884 382 Ecclesiae
903 330 1076 381 saeculis
1109 331 1294 382 tolerata
1314 343 1418 385 sunt
1442 331 1611 386 Chris-

9 417 272 478 'dianorum
295 431 398 463 cum
416 409 676 462 infidelibus
695 407 1014 458 matrimonia.
1028 415 1075 456 et
1096 409 1142 456 in
1169 408 1361 458 concilio
1383 408 1611 462 Toletano

46 495 98 558 4,
115 511 237 544 anno
247 490 361 553 634.
377 491 604 555 imparitas
616 485 756 536 cultus
767 484 880 535 facta
897 493 966 535 est
978 485 1358 552 impedimentum
1374 488 1610 540 dirimens.

117 570 270 634 Hujus
290 565 608 635 prohibitionis
637 563 746 612 duas
766 562 898 612 affert
917 566 1127 614 rationes.

113 642 318 696 Primam
331 642 534 692 desumit
565 657 623 690 ex
645 639 948 705 inaequalitate
980 649 1027 691 et
1057 641 1477 707 incompatibilitate
1503 659 1612 707 par-

45 726 189 784 tium;
216 738 405 788 quarum
427 736 516 769 una
537 757 551 780 ,
577 720 776 781 justitia,
801 717 912 781 lux,
946 715 1169 781 Christu3‚
1205 720 1369 783 fidelis,
1394 720 1616 784 templum

44 798 177 853 Dei·
216 798 354 849 altera
393 799 635 862 iniquitaS,
662 796 896 860 tenebrffae
931 791 1074 846 Belial
1096 797 1356 875 ,infidelis,
1394 798 1617 848 idolium:

44 894 119 928 res
141 879 260 927 inter
281 892 332 925 se
357 873 743 938 incompatibileS.

117 954 191 1022 ψ,
212 954 283 1007 16.
307 954 427 1020 Quis
448 962 603 1002 autem
634 970 902 1000 consensus.

116 1033 292 1086 Probat
316 1032 438 1100 quod
472 1028 718 1081 Christiani
745 1033 835 1080 sint
860 1026 1081 1095 templum
1113 1028 1241 1081 Dei:
1286 1032 1424 1098 idque
1453 1034 1617 1100 probat

0 1137 1 1161 ³
51 1134 111 1167 ex
139 1113 293 1166 Levit.
320 1113 405 1174 26,
439 1131 517 1162 12.
542 1108 620 1161 Ad
644 1110 836 1159 litteram
856 1106 934 1158 hic
959 1108 1084 1158 locus
1118 1117 1189 1158 est
1211 1108 1270 1157 de
1304 1111 1612 1169 tabernaculo,

49 1212 129 1246 seu
148 1193 326 1260 templo
352 1190 571 1257 portatili;
592 1189 673 1239 sed
698 1189 932 1253 allegorice
961 1188 1218 1253 intelligitur
1242 1188 1300 1239 de
1324 1188 1474 1240 anima
1496 1193 1617 1255 justi,

51 1290 152 1342 quae
180 1280 249 1323 est
285 1269 516 1337 quoddam
540 1266 632 1318 Dei
658 1268 830 1317 mobile
866 1266 1102 1333 templum.

120 1350 174 1407 Ῠ.
206 1368 285 1414 ¹7·
317 1347 509 1412 Propter
535 1345 658 1411 quod
679 1347 817 1395 exite.
843 1382 856 1396 .
883 1382 895 1396 .

121 1424 380 1476 Secundam
405 1425 628 1473 rationem
663 1422 859 1472 desumit
895 1439 954 1472 ex
984 1430 1211 1488 praecepto
1248 1423 1368 1489 apud
1396 1420 1500 1475 lsai.
1536 1423 1620 1484 52,

58 1522 79 1554 1
94 1521 141 1565 1,
166 1503 226 1552 de
252 1500 477 1565 fugiendis
497 1495 769 1565 Babyloniis
791 1507 836 1548 et
859 1515 1018 1548 eorum
1039 1498 1336 1547 immunditiis
1355 1518 1367 1557 ;
1399 1499 1522 1564 quod
1543 1498 1619 1549 hic

52 1580 251 1644 adaptat.
267 1575 315 1628 Si
338 1577 428 1626 hoc
449 1575 578 1626 Deus
598 1570 773 1625 Judaeis
794 1577 1022 1640 praecepit‚
1038 1579 1206 1639 quanto
1224 1580 1365 1640 magis
1388 1585 1433 1625 et
1458 1572 1619 1626 Chris-
1648 1620 1653 1623 ,

52 1661 201 1721 tianis,
227 1660 304 1725 qui
323 1666 428 1710 sunt
448 1655 620 1707 Judaeis
642 1656 782 1706 multo
802 1658 1081 1706 sanctiores!

123 1736 191 1801 Y.
222 1737 300 1789 18.
324 1739 387 1788 Ee
416 1755 498 1801 ego
519 1737 743 1801 recipiam
766 1753 866 1785 vos.
895 1732 1113 1785 Jeremiae
1137 1732 1223 1798 31,
1254 1751 1275 1786 1
1300 1742 1344 1785 ct
1372 1754 1420 1804 9.
1460 1736 1503 1784 in
1529 1751 1622 1803 pa—

56 1825 230 1870 ternam
266 1819 527 1867 amicitiam.

60 1988 370 2042 corollarium
405 1991 595 2054 pietatis
612 2023 628 2046 ‚
680 2005 759 2036 seu
798 1988 847 2035 in
885 1986 973 2035 hoc
1022 1988 1184 2052 Capite
1227 1984 1275 2038 6.
1299 1988 1367 2036 ad
1400 1990 1619 2052 pictatem

264 2066 475 2117 maxime}
505 2064 750 2124 notanda,
775 2073 820 2112 ct
843 2064 911 2112 ad
929 2066 1121 2128 praxim
1151 2065 1415 2129 redigenda.

753 2236 927 2288 Primo.

73 2371 306 2486 Omns
333 2441 379 2486 et
406 2434 593 2503 quilibet
630 2428 923 2485 Christianus
949 2434 1152 2485 attendat
1182 2434 1241 2485 ad
1271 2435 1495 2487 infinitam
1533 2436 1625 2490 Dei

64 2512 114 2560 in
133 2509 256 2560 illum
287 2511 641 2560 misericordiam
658 2547 674 2573 ‚
704 2509 791 2577 quai
813 2528 886 2561 res
914 2512 978 2560 ab·
1002 2519 1177 2562 aeterno
1201 2513 1267 2561 sic
1294 2512 1548 2579 ordinavit,
1574 2524 1624 2567 ut

65 2591 116 2638 in
139 2596 347 2653 ternpore
372 2583 561 2650 Christi,
588 2596 635 2638 et
655 2589 702 2637 in
729 2588 883 2638 medio
906 2585 1238 2639 Christianismi
1262 2599 1538 2644 nasceretur.

134 2666 345 2734 Tempus
374 2662 569 2730 Christi,
605 2664 993 2729 Christianismus,
1025 2675 1204 2735 tempus
1233 2675 1302 2718 est
1328 2671 1503 2733 gratiae,
1525 2670 1624 2739 dies

70 2756 141 2800 est
161 2747 314 2798 salutis
342 2754 387 2798 et
413 2755 600 2797 aeternae
635 2748 761 2797 vitae.

134 2824 195 2877 In
212 2825 305 2876 hoc
323 2843 432 2891 ergo
455 2832 661 2893 tempore
682 2826 822 2888 nasci,
847 2832 1008 2893 quanta
1030 2823 1198 2890 gratia!
1225 2819 1346 2874 Vide
1366 2822 1422 2880 ψ.
1446 2846 1496 2879 2.

138 2901 390 2967 Quomodo
407 2903 515 2956 huic
533 2907 686 2971 gratiae
709 2904 959 2957 debeamus
979 2901 1282 2970 respondere,
1304 2902 1412 2955 vide
1435 2905 1625 2960 ibidem.
