1794 3210
469 116 691 155 TRIPLEX
718 117 1016 153 Exposm'm.
1055 101 1172 166 Cap·
1207 98 1271 152 V.
1535 99 1650 162 “461

3 256 13 266 .
64 188 223 242 “Hinc
246 194 365 249 vita;
411 193 521 243 inde
544 209 700 241 mors:
729 192 951 241 carnalem
974 194 1126 255 itaque
1159 193 1304 240 vitam
1333 189 1516 241 horrete
1535 188 1664 242 velut

88 280 285 324 mortem
301 311 314 336 ‚
336 282 380 324 et
405 282 603 324 mortem
622 282 856 323 aeternam.
1589 272 1592 273 ’

738 422 971 460 *ri-„mmm
988 446 1001 470 ,
1049 419 1051 421 ’

135 551 250 604 -iflzeu
269 552 428 615 idque
448 549 676 600 mediante
702 556 747 599 et
772 548 1039 607 auxiliante,
1067 565 1146 597 seu
1170 547 1375 597 medium
1401 547 1664 600 efficacissi-

70 639 218 681 {nom
233 628 454 680 ffidffhunc
474 628 711 677 vitandum
732 627 920 675 abusum
949 634 992 675 et
1016 626 1073 675 ad
1101 626 1222 675 ittam
1244 628 1384 676 finem
1407 645 1663 692 assequen-

89 705 198 755 dum
215 744 230 766 ‚
258 714 324 754 est
343 705 388 753 si
406 707 573 768 spiritu
594 705 886 753 ambulemus
901 740 914 761 ,
942 705 978 751 si
1002 701 1186 769 Spiritui
1209 713 1365 754 sancto
1387 707 1432 754 in
1451 705 1663 756 cordibus

70 784 251 832 inostris
282 781 504 831 habitanti
540 781 837 840 obediamus,
866 782 1054 847 ejusque
1090 781 1334 831 dictamina
1368 790 1414 832 et
1445 782 1662 848 impulsus

88 861 522 924 attentisequamur.

151 940 222 993 'Et
245 942 438 993 h-aecaeest
455 941 1066 995 vitaeChristiaoaesumma
1085 943 1176 1002 ‚ad
1196 961 1330 1007 quam
1351 942 1589 994 multoties
1609 945 1660 994 in

89 1020 181 1072 hoc
207 1025 354 1088 capite
383 1041 469 1073 nos
487 1021 690 1072 hortatur
714 1021 992 1087 Apostolus,
1036 1021 1090 1077 ψ.
1138 1022 1226 1082 16,
1262 1023 1348 1083 18,
1380 1021 1487 1082 25.;
1517 1032 1656 1090 utque

87 1117 169 1151 sua
203 1104 260 1149 sit
285 1103 332 1148 in
369 1102 505 1149 nobis
535 1100 763 1150 efficacior
790 1100 1071 1161 exhortatio,
1100 1103 1325 1152 versiculo
1364 1105 1445 1163 24.
1470 1105 1548 1153 ubi
1572 1119 1660 1152 nos

86 1193 254 1227 omnes
293 1177 349 1226 ad
383 1176 503 1226 hanc
536 1180 682 1227 carnis
721 1195 802 1243 per
827 1175 1044 1243 Spiritum
1075 1175 1430 1228 refrenationem
1465 1182 1662 1244 apertius

5 1302 13 1305 s
33 1244 35 1246 .
86 1256 286 1314 excitat,
312 1254 433 1304 illam
455 1254 576 1304 velut
596 1255 941 1303 crucifixionem
959 1252 1146 1303 exhibet
1167 1272 1177 1301 ε
1210 1253 1309 1318 Qui
1327 1252 1505 1303 Christi
1524 1264 1657 1314 sunt,

89 1351 276 1382 carnem
296 1351 431 1382 suam
455 1331 793 1396 crucifixerunt
807 1368 824 1392 ,
854 1344 941 1382 etc,

157 1407 254 1460 Ubi
293 1419 536 1477 postquam
574 1413 804 1460 internum
847 1411 1209 1460 mortificationis
1235 1412 1279 1459 in
1302 1428 1486 1461 carnem
1510 1427 1659 1462 exer-

47 1545 50 1547 ,
89 1487 260 1539 cendae
278 1490 556 1552 principium
580 1489 716 1537 nobis
743 1490 971 1549 ostendit,
995 1496 1200 1537 sanctum
1227 1488 1397 1538 scilicet
1420 1486 1658 1553 Spiritum,

87 1577 333 1620 externum
371 1569 579 1634 ejusdem
632 1569 996 1619 mortificationis
1053 1569 1336 1619 demonstrat
1385 1571 1652 1636 exempta,

86 1642 248 1698 Jesum
272 1641 514 1697 Christum
542 1665 624 1712 pro
646 1648 781 1696 nobis
801 1648 1082 1697 crucifixum.
1122 1695 1127 1698 .

159 1722 302 1788 Quasi
344 1724 513 1774 diceret
553 1745 564 1774 ε
609 1727 784 1790 Spiritu
824 1726 1088 1784 ambulate,
1145 1728 1304 1790 spiritu
1349 1724 1465 1775 sacta
1507 1729 1653 1777 carnis

86 1802 349 1864 reprimite,
377 1818 650 1868 carnemque
672 1809 876 1852 vestiam
895 1803 1194 1865 peccatricem
1219 1802 1492 1867 crucifigite·
1482 1841 1493 1861 ‚
1515 1800 1654 1854 Jesus

87 1875 320 1935 Christus,
344 1876 437 1927 Dei
457 1875 627 1942 Filius,
653 1877 844 1930 Sanctus
867 1889 1156 1944 sanctorum,
1176 1898 1258 1945 pro
1274 1884 1469 1947 peccatis
1492 1885 1654 1933 vestris

86 1955 327 2005 crucifixus
350 1962 434 2004 est.

153 2037 321 2089 Sancto
365 2044 515 2106 itaque
554 2024 724 2105 Spiritu
765 2041 950 2088 animati
988 2048 1032 2089 et
1073 2041 1353 2090 corroborati
1376 2077 1387 2100 ‚
1431 2039 1654 2091 attendite

87 2135 270 2167 carnem
299 2115 469 2167 Christi
491 2119 778 2179 crucifixam
809 2126 854 2167 et
879 2135 960 2182 pro
989 2121 1185 2184 pfflcatis
1224 2121 1385 2167 vestris
1414 2120 1460 2167 in
1488 2135 1648 2179 cruce,

89 2212 382 2245 surnmocurn
397 2196 551 2246 dolore
569 2199 864 2254 morientem
886 2204 930 2245 et
947 2197 1135 2245 adiliius
1156 2196 1440 2261 exemplum,
1469 2213 1651 2246 carnem

88 2280 286 2322 vestram
309 2276 608 2337 peccatricem
637 2292 737 2323 crffl
743 2274 912 2338 ifigite;
942 2283 990 2323 ut
1014 2293 1108 2323 non
1133 2278 1232 2325 sine
1256 2276 1413 2325 dolore
1438 2278 1651 2327 moriatur

85 2351 134 2398 in
155 2350 289 2398 vobis
316 2357 547 2413 peccatum
565 2386 577 2410 ‚
606 2351 790 2414 pacitice
812 2354 923 2399 vero
942 2359 1100 2416 regnet
1122 2349 1329 2401 charitas·

154 2422 356 2476 Domine
379 2424 490 2476 Jesu
508 2463 522 2488 ‚
545 2429 620 2491 qui
641 2444 717 2475 me
740 2425 843 2476 haec
867 2431 1020 2476 omnia
1050 2445 1130 2493 per
1145 2436 1347 2477 sanctum
1370 2422 1651 2492 Apostolum

84 2511 215 2554 tuum
251 2504 467 2567 docuisti,
510 2507 568 2556 da
592 2505 711 2555 mihi
738 2522 819 2569 per
844 2508 1135 2570 temetipsum
1160 2505 1261 2554 haec
1297 2504 1459 2554 eadem
1495 2503 1650 2552 omnia

89 2596 190 2630 esse
213 2589 258 2630 et
278 2598 430 2646 agere.
734 2618 757 2623 -
1084 2603 1088 2605 ’

156 2655 212 2707 In
238 2667 312 2722 te,
343 2668 389 2709 et
425 2677 504 2725 per
535 2667 582 2709 te
622 2660 708 2708 sim
744 2662 853 2708 vere
889 2658 1005 2707 filius
1032 2656 1156 2720 Dei,
1184 2666 1340 2708 sancto
1362 2654 1531 2724 Spiritu
1563 2663 1642 2706 tuo
1682 2717 1686 2721 ,

85 2736 308 2784 animatus
325 2772 337 2794 ‚
367 2738 414 2784 in
438 2733 651 2785 charitate
673 2737 838 2784 vivens
855 2771 867 2795 ‚
899 2743 942 2784 et
965 2752 1025 2784 ex
1051 2735 1267 2785 charitate
1287 2751 1470 2799 semper
1486 2750 1650 2799 agens..

154 2817 229 2870 Da
253 2819 390 2881 mihi,
418 2821 446 2871 ὂ
469 2823 673 2886 piissime
696 2820 1014 2886 Redemptor!
1053 2823 1261 2874 libertate
1284 2823 1482 2873 filiorum
1517 2821 1643 2874 San-

87 2902 233 2964 guinis
257 2905 319 2952 tui
340 2907 488 2969 pretio
514 2901 730 2968 acquisiti}
751 2919 986 2968 nunquam
1007 2903 1158 2961 abut13
